Name,Price,Author,Date,Publisher,Comment,sales
机器学习 ,61.6,周志华,1/1/2016,清华大学出版社,74788,172446
机器学习实战【python基础教程指南，python核心编程实例指导，对wxpython数据库充分的讲解，不可错过的编 ,54.5,哈林顿,6/1/2013,人民邮电出版社,24895,300279
机器学习——原理、算法与应用 ,66.5,雷明,9/1/2019,清华大学出版社,1074,2643
机器学习实战：基于Scikit-Learn和TensorFlow ,82.1,奥雷利安·杰龙,8/27/2018,机械工业出版社,5438,259062
机器学习中的数学 ,61.1,孙博,11/1/2019,水利水电出版社,1778,72852
机器学习线性代数基础：Python语言描述 ,38.7,张雨萌,8/12/2019,北京大学出版社,1510,268072
深度学习 ,112.6,Goodfellow,7/1/2017,人民邮电出版社,54401,239613
机器学习理论导引,79,周志华,5/30/2020,机械工业出版社,388,119741
机器学习入门到实战——MATLAB ,46.6,冷雨泉,2/25/2019,清华大学出版社,1066,134409
机器学习（决战大数据时代！IT技术人员不得不读！）,27.6,米歇尔,3/1/2008,机械工业出版社,7720,28469
Python机器学习基础教程 ,62.4,安德里亚斯·穆勒,1/1/2018,人民邮电出版社,5019,190286
图解机器学习 ,38.7,杉山将,4/1/2015,人民邮电出版社,5153,37125
白话机器学习的数学,46.6,立石贤吾,6/1/2020,人民邮电出版社,2,168709
漫画机器学习入门 ,45.1,大关真之,11/1/2018,化学工业出版社,361,45048
机器学习精讲 ,47.6,安德烈·布可夫,1/1/2020,人民邮电出版社,345,46821
实用机器学习 ,54.5,Henrik,6/6/2017,机械工业出版社,885,136390
Python机器学习手册：从数据预处理到深度学习,81.9,Chris,7/1/2019,电子工业出版社,1639,16899
百面机器学习 ,59.7,诸葛越,8/1/2018,人民邮电出版社,5829,99034
机器学习算法（原书第2版） ,68.3,朱塞佩·博纳科尔索,4/1/2020,机械工业出版社,119,229441
机器学习案例实战 ,47.2,赵卫东,9/1/2019,人民邮电出版社,327,260678
机器学习基础教程,34.2,姚舜才,4/1/2020,西安电子科技大学出版社,18,291610
机器学习算法的数学解析与Python实现 ,70.3,莫凡,12/20/2019,机械工业出版社,230,148017
快乐机器学习,109.5,王圣元,1/1/2020,电子工业出版社,336,277686
机器学习入门之道 ,46.4,中井悦司,5/1/2018,人民邮电出版社,692,102085
机器学习基础——原理、算法与实践 ,67.1,袁梅宇,8/10/2018,清华大学出版社,284,69248
机器学习：算法背后的理论与优化 ,47.6,史春奇,6/4/2019,清华大学出版社,472,165213
TensorFlow机器学习,54.5,尼山特·舒克拉,11/11/2019,机械工业出版社,136,286297
机器学习基础 ,78.2,梅尔亚·莫里,5/1/2019,机械工业出版社,270,43307
自动机器学习入门与实践：使用Python ,59.8,西班扬·达斯,12/30/2019,华中科技大学出版社,15,88643
机器学习中的基本算法,60.7,范丽亚,6/1/2020,科学出版社,0,60761
机器学习 ,57.3,赵卫东,7/1/2018,人民邮电出版社,488,194110
文本机器学习 ,89,查鲁·C.阿加沃尔,5/25/2020,机械工业出版社,14,20049
Python机器学习（原书第2版） ,79,塞巴斯蒂安·拉施卡,11/23/2018,机械工业出版社,937,23833
终极算法：机器学习和人工智能如何重塑世界 ,51,佩德罗,12/30/2016,中信出版社,13918,8590
R语言统计分析与机器学习（微课视频版） ,61.1,薛震,2/1/2020,水利水电出版社,146,29277
机器学习与R语言（原书第2版） ,54.5,布雷特·兰茨,3/14/2017,机械工业出版社,665,21650
GO语言机器学习实战 ,62.4,周轩逸,4/10/2020,机械工业出版社,66,42046
机器学习入门：基于数学原理的Python实战 ,54.5,戴璞微,12/30/2019,北京大学出版社,301,232828
机器学习算法导论 ,59.9,王磊,6/11/2019,清华大学出版社,90,142577
Python机器学习算法: ,54.5,刘硕,11/1/2019,清华大学出版社,140,281707
精通机器学习 ,54.5,考瑞·莱斯米斯特尔,3/1/2018,人民邮电出版社,280,87909
机器学习从入门到入职——用sklearn与keras搭建人工智能模型,91.1,张威,1/1/2020,电子工业出版社,94,236447
机器学习基础 ,47.6,金升渊,7/1/2020,人民邮电出版社,0,12454
机器学习应用系统设计,46.9,有贺康顕,12/19/2018,中国电力出版社,162,186693
Python机器学习及实践 ,54.5,梁佩莹,5/1/2020,清华大学出版社,11,164193
机器学习：算法视角（原书第2版） ,78.2,新西兰,4/20/2019,机械工业出版社,1199,51318
机器学习基础 ,84.1,约翰,5/6/2020,机械工业出版社,51,259973
机器学习与安全 ,60.7,Clarence,8/20/2019,中国电力出版社,186,211583
机器学习的PAC-Bayes理论评价及应用,33.7,汤莉,9/1/2019,西安电子科技大学出版社,15,115717
R语言机器学习（原书第2版） ,82.1,卡西克·拉玛苏布兰马尼安,11/25/2019,机械工业出版社,104,132393
机器学习算法框架实战：Java和Python实现 ,47.6,麦嘉铭,7/16/2020,机械工业出版社,0,68449
MATLAB机器学习 ,46.3,朱塞佩·恰布罗,5/1/2020,人民邮电出版社,44,67304
Python机器学习实战案例 ,26.9,赵卫东,12/1/2019,清华大学出版社,66,84739
Python机器学习及实践---- ,38.7,范淼,10/1/2016,清华大学出版社,1347,58095
机器学习基础：从入门到求职 ,81.9,胡欢武,3/1/2019,电子工业出版社,482,130284
分布式机器学习：算法、理论与实践 ,70.3,刘铁岩,10/11/2018,机械工业出版社,1474,10941
机器学习与人工智能,54.8,张举华,6/1/2020,科学出版社,0,91486
对抗机器学习：机器学习系统中的攻击和防御 ,54.5,叶夫提尼·沃罗见琴科,12/12/2019,机械工业出版社,120,152133
机器学习：使用OpenCV和Python进行智能图像处理,54.5,迈克尔·贝耶勒,11/15/2018,机械工业出版社,1727,23208
大话Python机器学习 ,61.1,张居营,6/1/2019,水利水电出版社,943,23848
白话机器学习算法 ,38.7,黄莉婷,2/1/2019,人民邮电出版社,380,84775
机器学习导论（原书第2版） ,62.4,米罗斯拉夫.库巴特,10/10/2018,机械工业出版社,121,293803
Python大数据与机器学习实战 ,109.5,谢彦,4/1/2020,电子工业出版社,66,140876
生物群智计算与机器学习 ,54.5,朱云龙,7/1/2020,清华大学出版社,0,33004
Web安全之机器学习入门 ,62.4,刘焱,8/25/2017,机械工业出版社,519,162503
美团机器学习实践 ,62.4,美团算法团队,8/1/2018,人民邮电出版社,1902,118887
机器学习算法及其应用,40,吴梅梅,7/7/2020,机械工业出版社,0,235180
机器学习算法实践——推荐系统的协同过滤理论及其应用 ,54.5,王建芳,11/1/2018,清华大学出版社,296,95185
深入浅出：工业机器学习算法详解与实战 ,54.5,张朝阳,1/10/2020,机械工业出版社,118,269078
多智能体机器学习：强化学习方法 ,54.5,霍华德M施瓦兹,7/10/2017,机械工业出版社,710,157058
机器学习：基于OpenCV和Python的智能图像处理 ,54.5,高敬鹏,5/25/2020,机械工业出版社,14,234738
机器学习实践指南 ,62.4,阿图尔·特里帕蒂,3/30/2017,机械工业出版社,53,152492
Julia机器学习核心编程：人人可用的高性能科学计算,70.3,朱红庆,9/1/2019,电子工业出版社,80,292212
机器学习及其应用 ,118.1,戈帕尔,5/28/2020,机械工业出版社,0,248293
机器学习在线：解析阿里云机器学习平台,62.4,杨旭,8/1/2017,电子工业出版社,627,289450
Python编程从数据分析到机器学习实践（微课视频版） ,68.8,刘瑜,2/1/2020,水利水电出版社,304,288842
机器学习 ,62.4,弗拉赫,1/1/2016,人民邮电出版社,2573,106078
视觉机器学习20讲 ,38.7,谢剑斌,6/1/2015,清华大学出版社,825,282664
机器学习基础,29.8,,10/1/2018,清华大学出版社,56,159156
R语言机器学习：实用案例分析 ,46.6,拉格哈夫·巴利,6/8/2017,机械工业出版社,119,267197
机器学习系统 ,41.2,杰夫·史密斯,9/1/2019,清华大学出版社,105,244317
Python机器学习核心算法编程实例,71.8,丁伟雄,1/1/2020,电子工业出版社,57,49171
Python机器学习实践指南 ,54.5,Alexander,4/1/2017,人民邮电出版社,6790,210661
深入理解机器学习：从原理到算法 ,62.4,沙伊·沙莱夫,7/18/2016,机械工业出版社,1836,227022
数据流机器学习：MOA实例 ,54.5,阿尔伯特·比费特,12/9/2019,机械工业出版社,55,26454
python在机器学习中的应用 ,54.3,余本国,6/1/2019,水利水电出版社,665,26890
机器视觉与机器学习 ,81.4,宋丽梅,6/12/2020,机械工业出版社,2,150515
机器学习开发者指南 ,39.6,鲁道夫·邦宁,5/1/2020,人民邮电出版社,27,171662
深入理解XGBoost：高效机器学习算法与进阶 ,78.2,何龙,12/12/2019,机械工业出版社,339,78019
大数据与机器学习：复杂社会的政治分析 ,59.9,董青岭,2/1/2019,时事出版社,126,232690
机器学习与应用 ,109,雷明,12/29/2018,清华大学出版社,859,215859
机器学习案例分析（基于Python语言）,77.1,王恺,3/1/2020,电子工业出版社,54,30068
终身机器学习（原书第2版） ,61.6,陈志源,8/14/2019,机械工业出版社,222,217175
机器学习导论(原书第3版) ,62.4,埃塞姆,1/8/2016,机械工业出版社,1784,69483
机器学习及其应用2019,54.5,于剑,12/1/2019,清华大学出版社,54,96926
Keras深度学习 ,61.1,鲁睿元,11/1/2019,水利水电出版社,287,239024
大话数据科学——大数据与机器学习实战（基于R语言） ,88.3,陈文贤,7/1/2020,清华大学出版社,1,4095
机器学习实践：数据科学应用与工作流的开发及优化 ,78.2,安德鲁·凯莱赫,4/21/2020,机械工业出版社,28,59513
深入浅出Python机器学习 ,54.5,段小手,7/14/2018,清华大学出版社,1816,31485
机器学习及其应用2017,45.8,高阳,11/1/2017,清华大学出版社,48,103904
从机器学习到无人驾驶 ,68.3,宋哲贤,5/1/2020,清华大学出版社,12,139332
R语言机器学习 ,68.7,布雷特·兰茨,4/1/2017,东南大学出版社,40,14020
TensorFlow机器学习实战指南（原书第2版） ,70.3,尼克·麦克卢尔,7/25/2019,机械工业出版社,132,11475
机器学习即服务：将Python机器学习创意快速转变为云端Web应用程序 ,78.2,曼纽尔·阿米纳特吉,6/13/2019,机械工业出版社,117,295328
机器学习精讲：基础、算法及应用,57.2,杰瑞米·瓦特,11/1/2018,机械工业出版社,447,127442
MATLAB机器学习：人工智能工程实践（原书第2版） ,61.4,迈克尔·帕拉斯泽克,3/20/2020,机械工业出版社,176,188076
Python机器学习和图像处理实战 ,55.1,希曼舒·辛格,12/8/2019,清华大学出版社,237,121995
机器学习：贝叶斯和优化方法（英文版） ,217.1,西格尔斯·西奥多里蒂斯,5/22/2017,机械工业出版社,370,45190
机器学习与优化 ,61.4,罗伯托·巴蒂蒂,5/1/2018,人民邮电出版社,401,25729
scikit-learn机器学习 ,39.6,加文·海克,2/1/2019,人民邮电出版社,796,219771
机器学习互联网业务安全实践,117.8,王帅,9/1/2019,电子工业出版社,95,254114
高效机器学习：理论、算法及实践 ,58.6,玛丽特·阿瓦德,10/25/2017,机械工业出版社,84,103246
机器学习：从公理到算法 ,55.2,于剑,7/19/2017,清华大学出版社,514,158165
机器学习与深度学习：通过C语言模拟 ,46.6,小高知宏,6/29/2018,机械工业出版社,205,224314
机器学习——Python实践 ,46.6,魏贞原,1/1/2018,电子工业出版社,1227,217754
统计强化学习：现代机器学习方法 ,62.4,杉山将,5/15/2019,机械工业出版社,433,137364
机器学习实践应用 ,54.5,李博,6/1/2017,人民邮电出版社,654,43240
机器学习统计学（影印版）,77.4,普拉塔普·丹格迪,8/1/2018,东南大学出版社,97,38945
机器学习：Go语言实现 ,48.9,丹尼尔·怀特纳克,11/5/2018,机械工业出版社,136,63314
统计机器学习导论 ,75.6,杉山将,5/5/2018,机械工业出版社,313,52991
Python机器学习算法与应用 ,47.6,邓立国,5/1/2020,清华大学出版社,5,131804
机器学习：因子分解机模型与推荐系统,68.3,燕彩蓉,6/1/2020,科学出版社,0,154496
利用机器学习开发算法交易系统 ,38.7,安明浩,5/1/2019,人民邮电出版社,156,70875
从机器学习到深度学习：基于scikit-learn与TensorFlow的高效开发实战 ,91.1,刘长龙,3/1/2019,电子工业出版社,420,165172
机器学习方法在电磁逆散射问题中的应用研究,99.5,张清河,6/1/2019,科学出版社,25,262065
Python机器学习——数据分析与评分卡建模（微课版） ,27.8,翟锟,4/12/2019,清华大学出版社,340,198096
机器学习及其应用 ,75.7,汪荣贵,8/26/2019,机械工业出版社,31,3024
机器学习系统设计：Python语言实现,46.6,戴维·朱利安,6/5/2017,机械工业出版社,265,201745
量子机器学习中数据挖掘的量子计算方法,59.2,彼得·维特克,12/1/2019,哈尔滨工业大学出版社,31,238869
机器人操作的机器学习理论——从拟人操作到技巧迁移,58.6,丁希仑,6/1/2020,科学出版社,0,32827
Python大数据分析与机器学习商业案例实战 ,68.8,王宇韬,5/28/2020,机械工业出版社,40,205855
机器学习与R语言(机器学习领域专家著作 ,54.5,兰兹,3/1/2015,机械工业出版社,909,133542
机器学习：实用案例解析（机器学习和数据挖掘领域的经典图书基础理论与实践完美的结合）,54.5,康威,4/1/2013,机械工业出版社,1676,174658
PySpark机器学习、自然语言处理与推荐系统 ,46.6,普拉莫德·辛格,12/18/2019,清华大学出版社,156,50044
机器学习与数据科学 ,46.6,Daniel,5/1/2017,人民邮电出版社,352,73154
Scala机器学习：构建现实世界机器学习和深度学习项目,78.2,雷祖尔·卡里姆,10/18/2019,机械工业出版社,79,168236
Python机器学习编程与实战,47.7,林耀进,7/1/2020,人民邮电出版社,0,206951
机器学习、深度学习与强化学习 ,46.6,林强,5/28/2019,知识产权出版社,31,281663
机器学习vs复杂系统,46.6,许铁,7/1/2018,电子工业出版社,178,259388
基于R语言的机器学习,40,斯科特,12/12/2018,中国电力出版社,320,253427
机器学习导论 ,62.4,米罗斯拉夫·库巴特,11/9/2016,机械工业出版社,379,115212
机器学习 ,46.6,马西,4/1/2018,人民邮电出版社,124,262031
机器学习理论与应用——基于云教育环境 ,49,马长林,6/11/2019,清华大学出版社,8,252243
SQL机器学习库MADlib技术解析 ,62.4,王雪迎,1/14/2019,清华大学出版社,57,160817
神经网络与机器学习[原书第3版],62.4,海金,3/1/2011,机械工业出版社,4759,110454
机器学习算法,54.5,朱塞佩·博纳科尔索,5/30/2018,机械工业出版社,235,8859
应用机器学习方法度量在线品牌忠诚度模型构建研究 ,59,赵玮,7/1/2017,北京交通大学出版社,10,50797
Python机器学习 ,54.5,Michael,12/1/2016,人民邮电出版社,3462,187392
机器学习算法原理与编程实践,60.7,郑捷,10/1/2015,电子工业出版社,1821,167539
白话大数据与机器学习 ,54.5,高扬,6/15/2016,机械工业出版社,2173,43468
机器学习及其应用（英文版）,123.5,Gopal,12/1/2019,电子工业出版社,2,237317
面向机器学习的自然语言标注 ,73.4,普斯特若夫斯基,2/23/2017,机械工业出版社,242,79907
基于机器学习的行为识别技术研究 ,22.1,涂宏斌,9/26/2016,知识产权出版社,89,169022
李群机器学习,54.5,李凡长,4/1/2013,中国科学技术大学出版社,76,162996
机器学习经典算法实践,49,肖云鹏,7/19/2018,清华大学出版社,53,116545
机器学习：因子分解机模型与推荐系统,45.8,燕彩蓉,12/1/2019,科学出版社,33,215409
机器学习Web应用 ,46.6,Andrea,8/1/2017,人民邮电出版社,273,269982
机器学习视角的结构健康监测,149.3,Charles,3/1/2019,科学出版社,42,232712
机器学习经典算法剖析 ,54.5,赵春江,8/1/2018,人民邮电出版社,376,279139
基于复杂网络的机器学习方法 ,65.5,迪亚戈·克里斯蒂亚诺·席尔瓦,11/5/2018,机械工业出版社,494,16644
揭秘深度强化学习 ,61.1,彭伟,5/1/2018,水利水电出版社,2264,268012
大数据与机器学习：实践方法与行业案例 ,54.5,陈春宝,2/8/2017,机械工业出版社,475,227138
Python与机器学习实战：决策树、集成学习、支持向量机与神经网络算法详解及编程实现 ,63.5,何宇健,6/1/2017,电子工业出版社,3128,215400
机器学习之路——Caffe、Keras、scikit-learn实战 ,62.4,阿布,8/1/2017,电子工业出版社,740,288465
机器学习算法 ,85.3,朱塞佩·博纳科尔索,5/1/2019,东南大学出版社,17,16094
机器学习系统设计,33.8,里彻特,7/1/2014,人民邮电出版社,672,102350
机器学习与大数据技术 ,39.2,牟少敏,8/1/2018,人民邮电出版社,69,79745
机器学习实践 ,38.7,柯克,8/1/2015,人民邮电出版社,113,207233
机器学习实战：基于Sophon平台的机器学习理论与实践 ,62.4,星环科技人工智能平台团队,12/10/2019,机械工业出版社,32,82897
统计机器学习导论（英文版） ,96.8,杉山将,1/12/2018,机械工业出版社,75,219670
机器学习及应用（在线实验+在线自测）,47.7,李克清,5/1/2019,人民邮电出版社,22,267432
机器学习简明教程 ,56.5,汪荣贵,4/21/2020,机械工业出版社,1,189911
机器学习与安全（影印版）,68.3,克拉伦斯奇奥,11/1/2018,东南大学出版社,34,146749
Spark机器学习 ,78.2,拉结帝普·杜瓦,11/1/2018,人民邮电出版社,280,156183
人工智能开发实践：云端机器学习导论 ,61.4,挪亚·吉夫特,5/25/2020,机械工业出版社,2,170925
数据挖掘与机器学习——WEKA应用技术与实践（第二版） ,62.4,袁梅宇,8/1/2016,清华大学出版社,506,94005
Java机器学习 ,70.3,乌黛·卡马特,10/15/2018,机械工业出版社,167,78428
面向移动设备的机器学习 ,68.3,雷瓦西,6/1/2020,清华大学出版社,0,125572
Python机器学习经典实例 ,46.6,普拉提克·乔西,8/1/2017,人民邮电出版社,930,268783
Apache ,46.6,刘永川Alex,3/27/2017,机械工业出版社,200,262046
人工智能与机器学习（21世纪通识教育系列教材）,29.8,王秋月,1/2/2020,中国人民大学出版社,24,163821
数据挖掘：实用机器学习工具与技术（原书第4版） ,82.1,新西兰,3/15/2018,机械工业出版社,207,247608
【按需印刷】-机器学习理论与算法 ,86,张燕平,,科学出版社,8,124682
机器学习实践指南 ,46.6,尼格尔·刘易斯,4/1/2018,人民邮电出版社,91,69070
机器学习：实用技术指南,62.4,詹森·贝尔,5/5/2018,机械工业出版社,26,1543
神经网络与机器学习（英文版 ,54.5,海金,3/1/2009,机械工业出版社,826,267026
MATLAB与机器学习 ,62.4,迈克尔·帕拉斯泽克,2/25/2018,机械工业出版社,912,257572
Python机器学习与量化投资,62.4,何海群,12/1/2018,电子工业出版社,157,262592
Python机器学习 ,62.4,阿布舍克·维贾亚瓦吉亚,2/1/2019,人民邮电出版社,321,83602
Python数据挖掘与机器学习实战 ,62.4,方巍,6/5/2019,机械工业出版社,411,299786
PyTorch机器学习从入门到实战 ,46.6,校宝在线,10/30/2018,机械工业出版社,386,138290
Spark机器学习进阶实战 ,46.6,马海平,9/13/2018,机械工业出版社,146,43962
组合优化问题的机器学习求解方法,69.5,郭田德,12/1/2019,科学出版社,35,281719
社会机器学习,117.7,黄金才,3/1/2020,科学出版社,4,48779
地球科学大数据挖掘与机器学习,42.3,周永章,9/30/2018,中山大学出版社,82,212895
Python+TensorFlow机器学习实战 ,54.5,李鸥,5/30/2019,清华大学出版社,339,207759
基于机器学习的物体自动理解技术,77.4,刘贞报,4/1/2018,科学出版社,34,244993
生物信息学中的机器学习分析方法,54.5,王雪松,6/1/2020,科学出版社,46,153338
Python机器学习 ,39.3,达西·哈龙,9/5/2018,清华大学出版社,269,58603
模式识别与机器学习技术,36.3,,,冶金工业出版社,7,43099
机器学习入门到实战——MATLAB ,,,,,,174747
套路！机器学习：北美数据科学家的私房课 ,53.7,林荟,10/1/2017,电子工业出版社,218,257347
机器学习,,,,,,133575
Spark机器学习：核心技术与实践 ,54.5,亚历克斯·特列斯,6/5/2018,机械工业出版社,196,206494
Python机器学习实践：测试驱动的开发方法,46.6,马修·柯克,11/20/2017,机械工业出版社,229,95439
深度实践Spark机器学习 ,54.5,吴茂贵,3/5/2018,机械工业出版社,273,44132
智能商业：人工智能、机器学习与大数据技术的制胜之道（原书第3版） ,38.7,史蒂文·芬利,6/15/2019,机械工业出版社,128,164541
Python聊天机器人开发：基于自然语言处理与机器学习 ,51.8,Sumit,5/1/2020,电子工业出版社,64,20406
金融科技：人工智能与机器学习卷 ,42.2,刘斌,9/17/2019,机械工业出版社,137,284432
TensorFlow机器学习项目开发实战 ,61.4,安奇特·简恩,9/1/2019,清华大学出版社,67,201303
【按需印刷】-机器学习因子分解机模型与推荐系统 ,58,,,科学出版社,0,269786
实用机器学习 ,62.4,苏尼拉·格拉普蒂,5/30/2018,机械工业出版社,28,234047
R语言机器学习 ,78.2,卡西克·拉玛苏布兰马尼安,6/13/2018,机械工业出版社,86,30352
SAP企业机器学习——赋能业务创新,70.3,邬学宁,6/16/2018,清华大学出版社,96,17331
机器学习精讲,,,,,,37718
Python机器学习,53.5,赵涓涓,7/15/2019,机械工业出版社,57,166916
TensorFlow ,56.5,全华,9/1/2018,东南大学出版社,18,17231
构建实时机器学习系统 ,44.2,彭河森,8/25/2017,机械工业出版社,88,276712
Python大规模机器学习 ,70.3,巴斯蒂安·贾丁,5/6/2019,机械工业出版社,91,95313
Python高级机器学习 ,46.6,约翰·哈蒂,1/1/2020,人民邮电出版社,26,168366
Python机器学习入门（影印版）,70.3,安德烈亚斯·穆勒,1/1/2017,东南大学出版社,185,188481
大数据时代的算法：机器学习、人工智能及其典型实例 ,38.7,刘凡平,1/1/2017,电子工业出版社,1215,252190
学习记忆与机器学习实验原理 ,32,施静,8/15/2019,华中科技大学出版社,5,97509
大数据挖掘与统计机器学习（第2版）（大数据分析统计应用丛书）,32.5,吕晓玲,1/4/2019,中国人民大学出版社,92,166329
基于H2O的机器学习实用方法：一种强大的可扩展的人工智能和深度学习技术,54.5,达伦.库克,7/4/2018,机械工业出版社,35,155056
机器学习——Python实践,,,,,,106144
Python与机器学习,37.4,陈清华,3/1/2020,电子工业出版社,7,234291
机器学习算法原理与编程实践,,,,,,117576
Python机器学习算法 ,54.5,赵志勇,6/1/2017,电子工业出版社,945,36195
Python机器学习 ,75.2,Sebastian,10/1/2018,东南大学出版社,76,270063
机器学习之路——Caffe、Keras、scikit-learn实战,,,,,,284182
OpenCV机器学习（影印版）,66.1,Michael,5/1/2019,东南大学出版社,13,267470
白话机器学习算法,,,,,,245155
零起点Python机器学习快速入门,46.6,何海群,4/1/2017,电子工业出版社,462,31622
机器学习技术与实战：医学大数据深度应用,,,,,,183926
数据挖掘与机器学习——WEKA应用技术与实践,41.7,袁梅宇,7/1/2014,清华大学出版社,517,158719
机器学习与优化,,,,,,285866
Python机器学习（影印版）,60,塞巴斯蒂安·拉什卡,5/1/2017,东南大学出版社,101,17476
机器学习从入门到入职——用sklearn与keras搭建人工智能模型,,,,,,139068
对抗机器学习：机器学习系统中的攻击和防御,,,,,,109108
Python大战机器学习：数据科学家的第一个小目标 ,54.5,华校专,2/1/2017,电子工业出版社,2303,11521
机器学习实战：基于Scikit-Learn和TensorFlow,,,,,,42401
Python数据科学与机器学习 ,54.5,弗兰克·凯恩,6/1/2019,人民邮电出版社,97,71664
机器学习实践指南——基于R语言,,,,,,211825
Python机器学习经典实例（影印版）,65.5,克里斯·阿尔本,11/1/2018,东南大学出版社,41,16565
机器学习算法(原书第2版),,,,,,72181
Python机器学习 ,62.4,塞巴斯蒂安·拉施卡,3/14/2017,机械工业出版社,1328,231751
机器学习与大数据技术,,,,,,244538
机器学习在线：解析阿里云机器学习平台,,,,,,150317
Python机器学习实战,50.9,裔隽,3/1/2018,科学技术文献出版社,45,265893
Azure ,43.4,Jeff,11/1/2018,人民邮电出版社,56,34538
Spark机器学习（影印版）,46.9,彭特里思,1/1/2016,东南大学出版社,31,33978
数据挖掘：实用机器学习工具与技术（英文版·第4版）,101.9,伊恩,5/4/2017,机械工业出版社,153,70391
机器学习Web应用,,,,,,295816
数据挖掘与机器学习,47.7,吴建生,4/1/2019,人民邮电出版社,15,213599
Spark ,38.7,王晓华,3/1/2017,清华大学出版社,247,290319
Scala机器学习 ,46.6,亚历克斯·科兹洛夫,7/11/2017,机械工业出版社,183,17662
机器学习：基于OpenCV和Python的智能图像处理,,,,,,151879
决策用强化与系统性机器学习 ,62.4,巴拉格·库尔卡尼,7/1/2015,机械工业出版社,108,11321
"机器学习从认知到实践(第2辑)(套装共3册,Python+TensorFlow)",,,,,,100623
Spark ,54.5,黄美灵,3/1/2016,电子工业出版社,1078,35781
全国高等院校人工智能系列“十三五”规划教材：机器学习方法及应用 ,37.4,袁景凌,5/1/2020,中国铁道出版社,0,211930
机器学习与数据科学 ,,,,,,125410
机器学习与R语言实战,,,,,,246975
机器学习及应用(在线实验+在线自测),,,,,,129650
机器学习实践应用,,,,,,39232
百面机器学习 ,,,,,,228034
Spark机器学习 ,40.7,彭特里思,9/1/2015,人民邮电出版社,977,291884
精通Java机器学习（影印版）,85.3,Uday,10/1/2018,东南大学出版社,13,280677
机器学习案例实战,,,,,,77061
机器学习实践指南,,,,,,183873
人工智能开发实践：云端机器学习导论（英文版） ,54.5,Noah,5/10/2020,机械工业出版社,1,199434
机器学习互联网业务安全实践,,,,,,60716
机器学习系统设计：Python语言实现,,,,,,278512
Python高级数据分析：机器学习、深度学习和NLP实例 ,46.6,萨扬·穆霍帕迪亚,2/24/2019,机械工业出版社,287,245551
Python极简讲义：一本书入门数据分析与机器学习 ,96,张玉宏,5/1/2020,电子工业出版社,125,152598
机器学习实践指南：案例应用解析,,,,,,277451
Python ,53.4,龙马高新教育,8/15/2018,北京大学出版社,1006,154252
零基础学R语言数据分析:从机器学习、数据挖掘、文本挖掘到大数据分析 ,46.6,李仁钟,9/8/2018,清华大学出版社,152,172302
机器学习方法,,,,,,131850
机器学习及其应用2017,,,,,,225618
机器学习实践：测试驱动的开发方法,,,,,,95312
机器学习算法框架实战：Java和Python实现,,,,,,142397
机器学习实践指南：案例应用解析（第2版）,,,,,,84482
机器学习开发者指南,,,,,,262545
机器学习及其应用2013(仅适用PC阅读),,,,,,135993
机器学习方法在磷酸铝分子筛定向合成中的应用(仅适用PC阅读),,,,,,291003
机器学习实战：基于Sophon平台的机器学习理论与实践,,,,,,137864
"机器学习从认知到实践(第1辑)(套装共3册,Python+R)",,,,,,215095
机器学习vs复杂系统,,,,,,26132
机器学习案例分析(基于Python语言),,,,,,290551
TensorFlow机器学习项目实战 ,38.7,Rodolfo,11/1/2017,人民邮电出版社,1297,25181
同济博士论丛——基于机器学习的蛋白质相互作用与功能预测,58.4,邓磊,5/16/2018,同济大学出版社,15,124690
Python项目案例开发从入门到实战——爬虫、游戏和机器学习 ,63,郑秋生,12/5/2018,清华大学出版社,1126,178719
大数据分析师权威教程 ,62.4,Wrox国际IT认证项目组,7/1/2017,人民邮电出版社,747,228143
程序员面试宝典：百面机器学习+百面深度学习 ,135.1,诸葛越,7/1/2020,,0,254918
AI学习路径之零基础入门机器学习算法与实战套装 ,115.9,莫凡,4/1/2020,机械工业出版社,18,83428
跟着迪哥学Python数据分析与机器学习实战 ,70.3,唐宇迪,9/1/2019,人民邮电出版社,280,114886
Python机器学习手册：从数据预处理到深度学习,,,,,,152227
商业数据科学：数据价值与机器学习实战 ,44.9,张诚,2/18/2019,机械工业出版社,103,129021
Python金融大数据风控建模实战：基于机器学习 ,82.1,王青天,6/12/2020,机械工业出版社,8,233019
深入理解AutoML和AutoDL：构建自动化机器学习与深度学习平台 ,68.3,王健宗,8/30/2019,机械工业出版社,586,3368
【按需印刷】-生物信息学中的机器学习分析方法 ,69,王雪松,3/1/2016,科学出版社,31,115462
基于免疫计算的机器学习方法及应用,33.8,徐雪松,8/1/2017,电子工业出版社,31,148113
多维粒子群优化在机器学习与模式识别中的应用,85.3,彭鹏菲,9/1/2017,国防工业出版社,28,114602
微软Azure机器学习实战手册,50.3,千贺大司,11/1/2017,中国人民大学出版社,58,275140
TensorFlow深度学习算法原理与编程实战 ,67.9,蒋子阳,1/1/2019,水利水电出版社,3964,21445
Python+Spark ,78.2,林大贵,1/1/2018,清华大学出版社,1216,65035
实用机器学习,,,,,,143509
数据产品经理高效学习手册 ,39.6,张威,4/1/2020,人民邮电出版社,60,191675
基于机器学习算法的分类知识发现及其在文本分析中的应用,,,,,,224293
人工智能 ,72.4,史蒂芬·卢奇,10/1/2018,人民邮电出版社,9917,271969
Java机器学习,,,,,,82144
基于机器学习的行为识别技术研究,,,,,,290024
大数据与机器学习：实践方法与行业案例,,,,,,282054
终极算法：机器学习和人工智能如何重塑世界比尔·盖茨年度荐书！近20年人工智能领域轰动性著作！,,,,,,117433
Python深度学习 ,79.8,弗朗索瓦·肖莱,8/1/2018,人民邮电出版社,6284,57704
TensorFlow机器学习实战指南 ,54.5,尼克·麦克卢尔,9/20/2017,机械工业出版社,665,134861
人工智能开发丛书--数据挖掘与机器学习：PMML建模（上） ,81.7,潘风文,2/1/2020,化学工业出版社,15,188434
建筑能耗分析中的数据挖掘与机器学习,35.5,弗雷德里克.马尔古斯,7/31/2018,机械工业出版社,60,129774
联邦学习,70.1,杨强,5/1/2020,电子工业出版社,342,210696
人脸识别与美颜算法实战：基于Python ,78.2,方圆圆,4/10/2020,机械工业出版社,181,172914
MATLAB金融算法分析实战 ,62.4,吴婷,8/1/2017,机械工业出版社,709,139340
Java机器学习,,,,,,180906
Python机器学习经典实例,,,,,,132652
TensorFlow移动端机器学习实战 ,62.2,王众磊,10/1/2019,电子工业出版社,118,79575
Python机器学习与量化投资,,,,,,246308
Python机器学习实践指南,,,,,,229097
自然语言标注——用于机器学习（影印版）,41.2,普斯特若夫斯基,10/1/2013,东南大学出版社,63,160772
TensorFlow机器学习攻略（影印版）,66.3,Nick,11/1/2017,东南大学出版社,51,39398
SAS+R大数据行业应用案例分析 ,67.6,迪普提·古普塔,11/21/2019,清华大学出版社,74,64689
Python机器学习算法： ,,,,,,147820
白话大数据与机器学习,,,,,,12139
Python机器学习 ,,,,,,94773
零起点Python足彩大数据与机器学习实盘分析 ,78.2,何海群,4/1/2017,电子工业出版社,587,73563
R语言机器学习：实用案例分析,,,,,,240365
移动端机器学习实战,,,,,,269906
Python入门三剑客：零基础编程+数据分析+机器学习（套装共3册）,211,刘瑜,8/9/2019,,152,284560
Python高级机器学习,,,,,,84860
Python机器学习算法,,,,,,155943
Spark机器学习(第2版),,,,,,103388
Python机器学习(原书第2版),,,,,,134657
Python机器学习核心算法编程实例,,,,,,282871
MATLAB机器学习,,,,,,50516
图解HTTP ,38.7,上野宣,5/1/2014,人民邮电出版社,12318,274771
Spark机器学习,,,,,,87257
零起点Python机器学习快速入门(电子书),,,,,,19927
Web安全之机器学习入门,,,,,,233995
人工智能导论 ,45.1,李德毅,8/1/2018,中国科学技术出版社,3604,59339
Scala机器学习,,,,,,144198
数据挖掘与机器学习,,,,,,27380
Python程序设计案例教程——从入门到机器学习（微课版） ,39.7,张思民,9/12/2018,清华大学出版社,147,269284
PyTorch机器学习从入门到实战,,,,,,116517
Python编程 ,59.7,埃里克·马瑟斯,7/1/2016,人民邮电出版社,141927,246462
数据挖掘与机器学习——WEKA应用技术与实践,,,,,,162057
Julia机器学习核心编程：人人可用的高性能科学计算,,,,,,74646
Spark机器学习进阶实战,,,,,,92209
Hadoop ,62.4,林大贵,1/1/2017,清华大学出版社,1157,294370
图解深度学习 ,46.6,山下隆义,5/1/2018,人民邮电出版社,2433,38033
为什么：关于因果关系的新科学 ,34.5,朱迪亚·珀尔,7/1/2019,中信出版社,10953,137829
Python大规模机器学习,,,,,,74455
RPA学习指南：使用UiPath构建软件机器人与自动化业务流程,54.5,Alok,4/1/2020,北京航空航天大学出版社,28,40102
统计学习方法 ,66.7,李航,5/5/2019,清华大学出版社,12115,222754
Python大战机器学习：数据科学家的第一个小目标,,,,,,291165
Microsoft ,46.6,Roger,8/1/2017,人民邮电出版社,169,188023
程序员的数学第2版+程序员的数学2 ,149.7,结城浩,4/1/2020,人民邮电出版社,230,238523
学习OpenCV ,117.7,Adrian,7/28/2018,清华大学出版社,3066,135396
Scala和Spark大数据分析 ,109,雷扎尔·卡里姆,6/1/2020,清华大学出版社,0,119741
金融科技：人工智能与机器学习卷,,,,,,261253
【按需印刷】-组合优化的机器学习方法,88,,,科学出版社,0,151765
【按需印刷】-文本作者身份识别--基于机器学习与计算语言学 ,49,祁瑞华,,清华大学出版社,0,50302
实用数据科学和Python机器学习（影印版）,68.2,Frank,5/1/2019,东南大学出版社,5,86508
Python数据科学手册 ,86.1,杰克·万托布拉斯,2/1/2018,人民邮电出版社,2908,300689
程序员的数学 ,46.6,结城浩,4/1/2020,人民邮电出版社,187,248264
Python数据科学与机器学习：从入门到实践,,,,,,75838
深度实践Spark机器学习,,,,,,286843
产品逻辑之美：打造复杂的产品系统 ,62.2,潘一鸣,7/1/2019,电子工业出版社,611,225998
Python大数据与机器学习实战,,,,,,291482
SparkMLlib机器学习实践(第2版),,,,,,276850
精通特征工程 ,46.6,爱丽丝·郑,4/1/2019,人民邮电出版社,616,60914
TensorFlow学习指南：深度学习系统构建详解 ,54.5,汤姆·奥普,6/28/2018,机械工业出版社,882,71947
程序员的数学3 ,62.4,平冈和幸,3/1/2016,人民邮电出版社,1296,40574
深入浅出GAN生成对抗网络 ,68.3,廖茂文,6/1/2020,人民邮电出版社,122,193957
特征工程入门与实践 ,40.7,锡南·厄兹代米尔,6/1/2019,人民邮电出版社,497,137849
程序员的数学2 ,62.4,平冈和幸,8/1/2015,人民邮电出版社,1473,12784
TensorFlow机器学习项目实战,,,,,,264796
TensorFlow机器学习实战指南(原书第2版),,,,,,202619
图解语音识别,46.6,荒木雅弘,4/1/2020,人民邮电出版社,131,55019
贝叶斯方法 ,46.6,Cameron,12/1/2016,人民邮电出版社,3163,130379
信息检索导论 ,78.2,克里斯托夫·曼宁,7/1/2019,人民邮电出版社,185,17003
动手学深度学习 ,57,阿斯顿·张,6/1/2019,人民邮电出版社,4994,85324
统计之美：人工智能时代的科学思维 ,44.3,李舰,3/1/2019,电子工业出版社,7043,55006
高速列车智能自主定位模型与在线学习算法：基于应答器实测数据的机器学习,39,,,北京交通大学出版社,4,35281
ROS机器人编程实战 ,78.2,库马尔·比平,2/1/2020,人民邮电出版社,56,174545
Python基础教程（第3版） ,66.4,芒努斯·利·海特兰德,2/1/2018,人民邮电出版社,20098,127828
Julia数据科学应用 ,54.5,扎卡赖亚斯·弗格里斯,2/1/2018,人民邮电出版社,449,55348
深度学习：Java语言实现 ,38.7,巣笼悠辅,7/27/2017,机械工业出版社,387,186448
scikit-learn机器学习(第2版),,,,,,31004
TensorFlow深度学习 ,38.7,吉安卡洛·扎克尼,3/1/2018,人民邮电出版社,407,264992
深度学习入门与实战 ,54.5,中井,4/1/2019,人民邮电出版社,135,138156
python与大数据，足彩，机器学习系列,,,,,,163634
TensorFlow：实战Google深度学习框架（第2版） ,66.8,郑泽宇,1/1/2018,电子工业出版社,15822,172946
深入理解XGBoost：高效机器学习算法与进阶,,,,,,30668
图解TCPIP：第5版【原版畅销36万册！268张图解轻松入门】 ,47.4,竹下隆史,7/1/2013,人民邮电出版社,8959,160097
学习OpenCV（中文版） ,59.2,布拉德斯基,10/1/2009,清华大学出版社,7330,119304
大话统计学 ,46.6,陈文贤,12/1/2016,清华大学出版社,431,192847
Python高级数据分析：机器学习、深度学习和NLP实例,,,,,,32539
实用Bot开发指南：基于Node.js与Bot框架设计并构建聊天机器人 ,94,西蒙·罗兹加,7/10/2019,机械工业出版社,68,191980
Python核心编程 ,66.4,卫斯理,5/1/2016,人民邮电出版社,23858,237806
零起点Python足彩大数据与机器学习实盘分析,,,,,,2786
Python大数据分析与机器学习商业案例实战,,,,,,114690
大数据智能——互联网时代的机器学习和自然语言处理技术,,,,,,272461
计算机视觉：模型、学习和推理 ,94,西蒙,6/29/2017,机械工业出版社,2006,82718
Python神经网络编程 ,46.3,塔里克·拉希德,4/1/2018,人民邮电出版社,10450,79006
智能物联网项目开发实战 ,54.5,Agus,1/1/2018,清华大学出版社,159,66715
第九区：慈爱的机器 ,38,腾云智库,6/1/2017,华中科技大学出版社,122,13019
MATLAB金融算法分析实战：基于机器学习的股票量化分析,,,,,,45764
R语言与数据分析实战 ,70.3,徐珉久,1/1/2017,人民邮电出版社,264,40170
R语言商业分析实战 ,62.4,Umesh,2/1/2018,清华大学出版社,173,208832
R语言——迈向大数据之路 ,54.5,洪锦魁,6/1/2016,清华大学出版社,165,75709
Apache ,,,,,,130559
TensorFlow移动端机器学习实战,,,,,,61550
SQL从入门到精通（微课视频版） ,55,陈贻品,1/1/2020,水利水电出版社,1569,181090
Python极简讲义：一本书入门数据分析与机器学习,,,,,,289108
深度学习原理与PyTorch实战 ,62.4,集智俱乐部,8/1/2019,人民邮电出版社,257,269429
跟着迪哥学 ,,,,,,149955
Python+Tensorflow机器学习实战,,,,,,198105
工业机器人工程应用虚拟仿真教程：MotoSim ,54.5,付少雄,3/30/2017,机械工业出版社,81,30840
人脸识别与美颜算法实战：基于Python、机器学习与深度学习,,,,,,43181
大英儿童漫画百科31·机器人（助力孩子学习的全科漫画书）【6-14岁】 ,29.2,大英百科全书公司,11/30/2018,湖南少年儿童出版社,73,172826
人工智能程序员面试笔试宝典 ,54.5,猿媛之家,1/1/2020,机械工业出版社,164,138048
数据产品经理高效学习手册——产品设计、技术常识与机器学习,,,,,,199161
NLTK基础教程 ,,,,,,182707
Python金融大数据风控建模实战：基于机器学习,,,,,,138614
计算机科学中的数学：信息与智能时代的必修课 ,115.9,Eric,4/1/2019,电子工业出版社,3537,127327
计算机与人脑 ,35.5,冯·诺伊曼,6/4/2010,北京大学出版社,553,249117
儿童百问百答系列 ,23.7,权燦好,11/1/2019,二十一世纪出版社,1926,57623
机器人传感器及其信息融合技术 ,45.1,郭彤颖,1/1/2017,化学工业出版社,286,272124
自然语言处理入门 ,78.2,何晗,10/1/2019,人民邮电出版社,2274,175840
深度学习经典教程：深度学习+动手学深度学习（套装共2册） ,174.5,Goodfellow,6/1/2019,人民邮电出版社,881,133397
贝叶斯思维 ,38.7,Allen,4/1/2015,人民邮电出版社,4684,156746
PyTorch深度学习 ,36.9,毗湿奴·布拉马尼亚,4/1/2019,人民邮电出版社,1505,12815
精通数据科学 ,66.4,唐亘,6/1/2018,人民邮电出版社,5844,88513
Python深度学习实战：基于TensorFlow和Keras的聊天机器人以及人脸、物体和语音识别 ,54.5,纳温·库马尔·马纳西,4/10/2019,机械工业出版社,497,1533
Spark快速大数据分析 ,46.6,卡劳,9/1/2015,人民邮电出版社,7016,179745
基于TensorFlow的深度学习 ,40,Bharath,8/1/2019,中国电力出版社,418,176203
Python人工智能项目实战 ,62.4,桑塔努·帕塔纳亚克,11/1/2019,机械工业出版社,109,12800
智能风控：原理 ,70.3,梅子行,1/10/2020,机械工业出版社,562,199669
Keras高级深度学习 ,61.4,罗韦尔·阿蒂恩扎,5/18/2020,机械工业出版社,26,195123
统计分析：从小数据到大数据 ,72.7,丁亚军,1/1/2020,电子工业出版社,957,97678
动手学深度学习 ,133.5,阿斯顿·张,6/1/2019,人民邮电出版社,564,168184
智能车制作——从元器件、机电系统、控制算法到完整的智能车设计 ,62.4,王盼宝,1/1/2018,清华大学出版社,750,205676
大开眼界科普玩具书：探秘机器人世界 ,142.5,克莱夫·吉福德,2/1/2020,上海文化出版社,1634,20551
第四次教育革命：人工智能如何改变教育 ,49.6,安东尼·塞尔登,9/10/2019,机械工业出版社,800,292044
Python深度学习：基于TensorFlow ,62.4,吴茂贵,10/10/2018,机械工业出版社,1184,265168
基于函数逼近的强化学习与动态规划 ,101.9,卢西恩·布索尼,4/1/2019,人民邮电出版社,358,126262
新未来简史：区块链、人工智能、大数据陷阱与数字化生活 ,53.4,王骥,4/1/2018,电子工业出版社,4456,32541
量化交易之路 ,63.9,阿布,8/30/2017,机械工业出版社,2714,89904
Python ,54.5,肖冠宇,9/10/2019,机械工业出版社,584,270608
奇点临近(一部预测人工智能和科技未来的奇书) ,44.9,Kurzweil,10/1/2011,机械工业出版社,28315,187878
机器人学和人工智能中的行为树 ,62.4,米歇尔,5/6/2020,机械工业出版社,48,74702
深度学习:从Python到TensorFlow应用实战 ,55.1,叶虎,4/1/2020,清华大学出版社,23,94645
Python深度学习应用 ,40.7,亚历克斯·盖利,7/1/2020,清华大学出版社,0,281213
赋能执行力：重新定义执行 ,49.8,姜桐,8/1/2019,当代中国出版社,541,23910
从零开始学机械 ,24.6,门田和雄,1/1/2017,化学工业出版社,6095,224988
乐高机器人EV3探索书（全彩） ,70.3,Laurens,6/1/2016,人民邮电出版社,5342,247748
迪士尼英语分级读物 ,94,迪士尼,4/1/2020,人民邮电出版社,77,294753
ROS机器人开发实践 ,68.3,胡春旭,5/30/2018,机械工业出版社,1125,125862
数据挖掘：你必须知道的32个经典案例（第2版） ,46.4,任昱衡,10/1/2018,电子工业出版社,2300,34121
机器阅读理解：算法与实践 ,62.4,朱晨光,4/1/2020,机械工业出版社,267,288025
统计学习理论与方法——R语言版 ,54.5,左飞,6/1/2020,清华大学出版社,11,200301
人工智能基础 ,36.9,张晓明,2/1/2020,人民邮电出版社,143,166642
人工智能简史 ,33.8,尼克,12/1/2017,人民邮电出版社,6572,261484
深度学习之TensorFlow工程化项目实战,125.6,李金洪,5/1/2019,电子工业出版社,912,24891
平台资本主义：触碰新兴技术的化身 ,29.5,尼克·斯尔尼塞克,7/1/2018,广东人民出版社,328,236094
集体智慧编程 ,72.7,Toby,3/1/2015,电子工业出版社,4497,169298
Python元学习 ,40.7,苏达桑·拉维尚迪兰,6/1/2020,人民邮电出版社,0,292629
手把手构建人工智能产品：产品经理的AI实操手册 ,54.3,高飞,4/1/2020,电子工业出版社,115,9179
深度学习基础与实践 ,94,乔希·帕特森,7/1/2019,人民邮电出版社,116,126492
白话强化学习与PyTorch ,91.1,高扬,9/1/2019,电子工业出版社,505,136125
强化学习精要：核心算法与TensorFlow实现 ,73.6,冯超,4/1/2018,电子工业出版社,952,140852
ROS机器人开发：实用案例分析（原书第2版） ,78.2,卡罗尔·费尔柴尔德,4/1/2020,机械工业出版社,40,150730
AI学习路径之线性代数与概率论套装 ,102.1,戴维,4/1/2020,机械工业出版社,21,114861
智能革命：李彦宏谈人工智能时代的社会、经济与文化变革(团购，请致电400-106-6666转6)（团购，请致电400- ,51,李彦宏,4/25/2017,中信出版社,9279,263682
人工智能极简编程入门（基于Python） ,54.5,张光华,5/6/2019,机械工业出版社,596,199327
白话深度学习与TensorFlow ,54.5,高扬,8/1/2017,机械工业出版社,1430,142332
机器人人工智能 ,91.1,Francis,3/1/2020,电子工业出版社,83,282577
自适应学习--人工智能时代的教育革命 ,31.2,李韧,12/14/2018,清华大学出版社,500,222850
【按需印刷】-学习机器翻译 ,98,西里尔·古特,,科学出版社,4,226439
强化学习与最优控制 ,102.8,德梅萃·P,6/1/2020,清华大学出版社,0,287172
图像处理、分析与机器视觉（基于LabVIEW） ,133.5,杨高科,5/12/2018,清华大学出版社,974,26888
CFA一级中文精讲（第3版） ,235.8,何旋,4/10/2020,机械工业出版社,36,145048
Python高级编程 ,70.3,Micha,9/1/2017,人民邮电出版社,1596,132534
基于股票大数据分析的Python入门实战（视频教学版） ,54.5,胡书敏,6/1/2020,清华大学出版社,23,5788
“中国制造2025”出版工程--机器人环境感知与控制技术 ,53.4,王耀南,3/1/2019,化学工业出版社,107,63698
人力资源数据分析：人工智能时代的人力资源管理 ,42.2,伯纳德·马尔,3/26/2019,机械工业出版社,635,225041
人工智能大冒险 ,54.2,智AI兄弟,12/1/2018,人民邮电出版社,848,156997
人人都是数据分析师 ,62.4,刘红阁,1/1/2019,人民邮电出版社,450,235697
AI思维 ,50.9,丁磊,5/5/2020,中信出版社,54,144898
Python入门到人工智能实战 ,61.1,吴茂贵,4/20/2020,北京大学出版社,37,296913
未来小七Pro智能儿童早教机器人学习机wifi课本绘本阅读国学教育智能对话视频故事机 ,698,,,,当当自营恒泰数码专卖店,17630
未来小七Pro智能儿童早教机器人学习机wifi课本绘本阅读国学教育智能对话视频故事机 ,698,,,,当当自营恒泰数码专卖店,204047
改变未来的九大算法 ,34,约翰·麦考密克,2/15/2019,中信出版社,317,18859
面向数据科学家的实用统计学 ,70.3,彼得·布鲁斯,10/1/2018,人民邮电出版社,573,275425
深度学习理论与实战：基础篇 ,86.1,李理,6/1/2019,电子工业出版社,190,200385
智能的本质 ,43.2,皮埃罗·斯加鲁菲,1/1/2017,人民邮电出版社,3114,253330
机器人建模和控制 ,62.4,马克,7/18/2016,机械工业出版社,764,250500
自主水下机器人,88.3,徐会希,7/1/2020,龙门书局,107,131903
机器人是人吗？ ,53.5,约翰·弗兰克·韦弗,8/1/2018,上海人民出版社,593,248784
深入浅出人工智能(第2版) ,47.2,沃尔夫冈·埃特尔,1/1/2020,清华大学出版社,78,290783
数字化金融 ,59,约翰·贝斯特,1/1/2019,人民邮电出版社,379,146361
排队现象的建模、解析与模拟,12.4,曾勇,9/1/2011,西安电子科技大学出版社,104,258288
神经网络与深度学习实战 ,86.1,陈屹,8/2/2019,机械工业出版社,553,120189
生成对抗网络项目实战 ,54.5,凯拉什·阿伊瓦,1/1/2020,人民邮电出版社,129,114030
OpenCV ,59.7,冯振,7/1/2020,人民邮电出版社,5,154946
情感机器 ,74.8,马文·明斯基,1/1/2016,浙江人民出版社,1611,28437
第一性原理方法及应用 ,61.6,李青坤,12/1/2019,人民邮电出版社,51,232712
工业机器人应用技术入门 ,30.8,康亚鹏,11/15/2017,机械工业出版社,357,149475
小创客玩转开源机器人 ,19.7,吴鑫,3/1/2017,清华大学出版社,322,222293
科技少年创新丛书·十五道题，轻松学会乐高（LEGO）机器人EV3编程 ,48.7,张恩言,12/21/2018,人民邮电出版社,526,108551
机器翻译,46.6,蒂埃里·波贝,8/26/2019,机械工业出版社,114,299127
机器人感知：因子图在SLAM中的应用 ,46.4,Frank,10/1/2018,电子工业出版社,540,135351
“中国制造2025”出版工程--机器人力触觉感知技术 ,71.8,梁桥康,3/1/2019,化学工业出版社,88,147006
Python数据分析 ,46.3,阿曼多·凡丹戈,6/1/2018,人民邮电出版社,1346,108734
极简算法史 ,30.8,吕克,1/1/2019,人民邮电出版社,501,244785
AI机器人创意搭建与mBlock ,34.3,周迎春,7/1/2020,人民邮电出版社,0,297002
数字化未来 ,59.2,戴维·莫契拉,5/25/2020,现代出版社,15,5630
深入浅出数据科学 ,54.5,斯楠·奥兹德米尔,10/1/2018,人民邮电出版社,655,37861
AI营销：人工智能赋能的下一代营销技术 ,51.7,凯蒂·金,3/1/2020,人民邮电出版社,65,189285
物联网商业设计与案例 ,38.7,许小刚,12/1/2017,人民邮电出版社,747,128208
强化学习,54.5,柯良军,11/25/2019,清华大学出版社,98,89258
机器人特工训练营—— ,22.9,张海兵,6/19/2017,清华大学出版社,153,250755
爱犯错的智能体 ,41.2,张军平,7/29/2019,清华大学出版社,249,145641
21个项目玩转深度学习——基于TensorFlow的实践详解 ,72.7,何之源,3/1/2018,电子工业出版社,3695,128444
正则化深度学习及其在机器人环境感知中的应用,53.7,刘勇,12/1/2019,科学出版社,20,208952
深入浅出强化学习：原理入门 ,72.7,郭宪,1/1/2018,电子工业出版社,1394,156948
深度学习商业应用开发指南: ,46.6,Armando,9/1/2019,北京航空航天大学出版社,16,96146
无人机：引领空中机器人新革命 ,42.9,宇辰网,6/9/2017,机械工业出版社,463,54613
机器人学基础 ,30.8,蔡自兴,3/1/2015,机械工业出版社,761,216373
机器人特工训练营——搭建指南（中）B ,22.9,张海兵,6/13/2017,清华大学出版社,111,123287
谁为机器人的行为负责？ ,45.6,乌戈·帕加罗,8/1/2018,上海人民出版社,438,290499
机器人特工训练营 ,22.9,张海兵,6/1/2017,清华大学出版社,120,69167
机器人特工训练营——搭建指南（上）B ,22.9,张海兵,6/13/2017,清华大学出版社,126,110034
机器人特工训练营——搭建指南（下）A ,22.9,张海兵,6/20/2017,清华大学出版社,111,288454
机器人特工训练营——搭建指南（中）A ,22.9,张海兵,6/20/2017,清华大学出版社,126,270883
机器交易：利用算法赢得市场先机 ,70.3,欧内斯特·P.陈,6/14/2019,清华大学出版社,301,69815
算法帝国 ,38.7,克里斯托弗·斯坦纳,6/1/2014,人民邮电出版社,1757,144032
机器人编程实战 ,62.4,卡梅伦·休斯,7/11/2017,机械工业出版社,166,78054
自主移动机器人导论（第2版）（国外名校最新教材精选） ,67.6,R.西格沃特,9/1/2018,西安交通大学出版社,84,16254
人工智能与法律的对话 ,69.2,瑞恩·卡洛,8/1/2018,上海人民出版社,907,126687
当大数据遇见物联网——智能决策解决之道 ,86.1,乔乔,2/1/2019,清华大学出版社,214,288056
PyTorch深度学习编程(影印版),54.5,伊恩·波特,6/1/2020,东南大学出版社,0,12679
深度学习：R语言实践指南 ,46.6,托威赫·贝索洛,8/1/2018,机械工业出版社,158,17838
深度学习模型及应用详解 ,81.9,张若非,9/1/2019,电子工业出版社,434,23657
双足步行机器人 ,54.5,王志良,8/8/2017,机械工业出版社,55,96134
产品经理进化论：AI+时代产品经理的思维方法 ,56.5,连诗路,11/1/2017,电子工业出版社,1163,291440
产品经理进阶：100个案例搞懂人工智能 ,62.4,林中翘,7/1/2019,电子工业出版社,197,68934
道德机器：如何让机器人明辨是非 ,44.9,温德尔·瓦拉赫,12/1/2017,北京大学出版社,507,117084
极简人工智能：你一定爱读的AI通识书 ,39.3,Richard,4/1/2018,电子工业出版社,1763,215741
股票大数据挖掘实战——股票分析篇 ,62.4,洪志令,5/1/2020,清华大学出版社,1,126230
水下机器人现代设计技术,115.9,刘贵杰,6/1/2020,科学出版社,0,121926
机器人系统设计与制作：Python语言实现 ,46.6,郎坦·约瑟夫,3/21/2017,机械工业出版社,411,108796
你一定爱读的人工智能简史 ,36.9,山本一成,5/1/2019,北京日报出版社（原同心出版社）,859,12004
TensorFlow技术解析与实战 ,62.4,李嘉璇,5/1/2017,人民邮电出版社,4792,263826
机器人爱好者 ,46.6,美国SERVO杂志,1/1/2019,人民邮电出版社,106,237715
人工智能：商业化落地实战 ,40.7,韩东,11/21/2018,清华大学出版社,2680,14885
人工智能狂潮：机器人会超越人类吗？ ,30.3,松尾丰,12/28/2015,机械工业出版社,961,185600
机器人控制系统的设计与MATLAB仿真：基本设计方法 ,54.5,刘金琨,12/1/2016,清华大学出版社,807,170497
统计学习理论 ,68.2,Vladimir,4/1/2015,电子工业出版社,428,130120
数据挖掘与分析 ,101.9,穆罕默德·扎基,8/1/2017,人民邮电出版社,486,37504
大数据和我们（团购，请致电400-106-6666转6） ,44.3,安德雷斯,11/30/2016,中信出版社,449,44683
聊天机器人：入门、进阶与实战 ,62.4,刘宇,10/10/2019,机械工业出版社,236,204106
树莓派创客：手把手教你搭建机器人 ,54.5,陈佳林,11/1/2019,清华大学出版社,143,43363
ROS机器人项目开发11例 ,54.5,朗坦·约瑟夫,5/30/2018,机械工业出版社,272,290260
深度学习原理与实践 ,70.3,陈仲铭,8/1/2018,人民邮电出版社,267,66454
机器人特工训练营——课程指南（上） ,22.9,张海兵,6/1/2017,清华大学出版社,141,287287
Python基础教程(第2版·修订版) ,54.5,海特兰德,6/1/2014,人民邮电出版社,29368,234468
机器人制作实践指南 ,54.5,约翰·白赫泰,4/26/2017,机械工业出版社,105,224311
乐高机器人设计及搭建绝妙技法 ,39.1,码高机器人,8/22/2016,机械工业出版社,1393,207916
人工智能 ,46.4,张泽谦,4/1/2019,人民邮电出版社,7041,86182
知识迁移学习方法及应用,70.3,王雪松,12/1/2019,科学出版社,138,7066
乐高EV3机器人创意编程精彩实例 ,69.9,码高机器人教育,12/27/2016,机械工业出版社,577,239567
超级技术：改变未来社会和商业的技术趋势 ,36.8,梅琳达,12/1/2017,中信出版社,527,31764
人工智能与本能——如何让机器人拥有自我意识 ,31,王昭东,10/1/2017,电子工业出版社,189,20758
Spark数据分析:基于Python语言 ,52.7,杰夫瑞·艾文,4/10/2019,机械工业出版社,229,170895
海洋机器人运动控制技术,80,周焕银,6/1/2020,龙门书局,21,287302
深入浅出人工神经网络 ,47.6,江永红,6/1/2019,人民邮电出版社,123,169416
乐高EV3机器人自造实战--从原理、组装、程序到控制全攻略,62.4,李春雄,4/1/2016,清华大学出版社,739,136511
大数据分析师权威教程 ,85.3,Wrox国际IT认证项目组,11/1/2017,人民邮电出版社,1264,93917
机器人特工训练营——课程指南（下） ,22.9,张海兵,6/19/2017,清华大学出版社,116,278451
小型智能机器人制作全攻略(第4版),101.9,麦库姆,6/1/2013,人民邮电出版社,1918,295170
机器人特工训练营——课程指南（中） ,22.9,张海兵,6/19/2017,清华大学出版社,119,238007
机器之心 ,44.3,库兹韦尔,4/1/2016,中信出版社,1037,126317
高机动仿生机器鱼设计与控制技术,85.5,喻俊志,1/15/2018,华中科技大学出版社,86,114334
Python和NLTK自然语言处理 ,109,尼天·哈登尼亚,4/1/2019,人民邮电出版社,250,298638
智能客服机器人,26.2,任萍萍,9/1/2017,成都时代出版社,30,266797
【按需印刷】-正则化深度学习及其在机器人环境感知中的应用 ,68,,,科学出版社,0,70148
PANDA熊猫 ,159,,,,当当自营熊猫官方旗舰店,17775
Simulink仿真及代码生成技术入门到精通 ,54.5,孙忠潇,10/1/2015,北京航空航天大学出版社,2655,55811
熊出没——卫星定位机器人（央视等200家卫视热播动画《熊出没》双语有声故事书，好看的动画故事，好玩的双语学习，附赠英语,5.8,深圳华强数字动漫有限公司,1/1/2013,浙江大学出版社,703,19522
KUKA工业机器人编程与实操技巧 ,46.6,徐文,5/15/2017,机械工业出版社,540,286944
机器人设计与制作 ,36.3,戴凤智,5/1/2016,化学工业出版社,148,236681
机器人自动化：建模、仿真与控制 ,38.7,吕克·若兰,6/27/2017,机械工业出版社,264,267895
医疗革命：大数据与分析如何改变医疗模式 ,37.3,克瑞莎·泰勒,7/1/2016,机械工业出版社,528,141466
文本上的算法 ,54.5,路彦雄,2/1/2018,人民邮电出版社,946,8163
工业机器人系统安装调试与维护 ,65.2,韩鸿鸾,8/1/2017,化学工业出版社,161,197306
迪士尼英语分级读物 ,17.8,迪士尼,3/1/2019,人民邮电出版社,118,4951
未来小七快乐小迪人工智能机器人互动英语对话儿童学习教育益智学习启蒙对话机器人生日礼物 ,399,,,,当当自营恒泰数码专卖店,225245
未来小七快乐小迪人工智能机器人互动英语对话儿童学习教育益智学习启蒙对话机器人生日礼物 ,399,,,,当当自营恒泰数码专卖店,300035
深度学习 ,480,Goodfellow,12/1/2019,,4,238628
工业机器人典型应用案例精析（采用图解讲解操作步骤，清晰，明了。轻松掌握ABB工业机器人在搬运、码垛、弧焊和压铸行业应用,30,叶晖,6/1/2013,机械工业出版社,1783,94159
乐高EV3机器人初级教程（青少年科技创新丛书） ,36,高山,9/1/2014,清华大学出版社,1587,196271
医疗机器人建模与制造 ,54.5,晁飞,9/20/2017,机械工业出版社,188,99765
ROS机器人高效编程（原书第3版） ,54.5,阿尼尔·马哈塔尼,8/30/2017,机械工业出版社,339,15217
人工智能时代 ,46.6,Kalman,10/1/2017,人民邮电出版社,461,166075
实感交互：人工智能下的人机交互技术 ,78.2,阿钦蒂亚·Ｋ.鲍米克,12/20/2018,机械工业出版社,293,146381
ROS机器人程序设计（原书第2版）,54.5,恩里克·费尔南德斯,10/31/2016,机械工业出版社,791,208322
移动机器人 ,38.7,陈孟元,6/29/2018,北京航空航天大学出版社,215,216985
套装2册 ,104.4,智AI兄弟,3/1/2020,,18,250995
机器人控制系统的设计与MATLAB仿真：先进设计方法 ,78.2,刘金琨,11/1/2017,清华大学出版社,654,216518
概率图模型 ,46.6,David,1/1/2018,人民邮电出版社,487,43633
超级AI时代的人类命运：34个你必须掌握的未来生存法则 ,36.7,落合阳一,3/24/2020,机械工业出版社,56,58430
水下机器人先进导航技术,93.2,冀大雄,8/1/2019,龙门书局,27,6771
未来小七max智能机器人5G儿童早教小学初中家教机多功能学习机全能高科技人工智能AI语音对话 ,2180,,,,当当自营恒泰数码专卖店,230080
工业机器人技术与应用 ,32.7,王东署,3/1/2016,中国电力出版社,128,73357
工业机器人工作站系统集成与应用 ,90.2,韩鸿鸾,8/1/2017,化学工业出版社,235,201931
机器人手册 ,141.4,布鲁诺.西西利亚诺,5/6/2016,机械工业出版社,439,14722
VEX机器人创新编程设计（基于RobotC） ,48.7,李哲,1/1/2020,化学工业出版社,42,79206
汪汪队立大功中英双语有声故事书：机器狗闹翻天 ,16.8,美国尼克儿童频道,11/1/2018,天地出版社,163,104688
焊接机器人基本操作及应用（第2版）,26.1,刘伟,10/1/2015,电子工业出版社,134,90281
Python人脸识别：从入门到工程实践 ,54.5,王天庆,4/10/2019,机械工业出版社,993,284070
乐高EV3机器人搭建与编程 ,62.4,Marziah,4/1/2016,人民邮电出版社,725,155472
人工智能的未来（揭示人类思维的奥秘） ,59.8,雷·库兹韦尔,3/1/2016,浙江人民出版社,7237,229695
VEX ,47.2,覃祖军,4/14/2017,机械工业出版社,378,289131
情感分析：挖掘观点、情感和情绪 ,78.2,刘兵,10/25/2017,机械工业出版社,960,15867
强化学习 ,94,马可·威宁,6/29/2018,机械工业出版社,1065,163824
自动调节系统解析与PID整定,39.6,白志刚,7/1/2012,化学工业出版社,1477,251860
无人驾驶原理与实践 ,54.5,申泽邦,1/15/2019,机械工业出版社,658,155745
人工智能产品经理——AI时代PM修炼手册 ,54.3,张竞宇,6/1/2018,电子工业出版社,2502,132615
柔性机器人：多尺度操作应用 ,62.4,马修.格罗萨德,6/28/2016,机械工业出版社,108,279497
玩转乐高 ,45.3,加里·加伯,12/15/2016,机械工业出版社,475,296277
工业机器人从入门到应用 ,47.3,龚仲华,3/16/2016,机械工业出版社,392,174457
乐高创意机器人教程（初级 ,28.9,隋金雪,1/1/2016,清华大学出版社,104,108861
用Scratch与mBlock玩转mBot智能机器人 ,54.5,王丽君,3/1/2017,人民邮电出版社,762,236644
情感计算与情感机器人系统,69.5,吴敏,4/1/2020,科学出版社,104,248266
聊天机器人：对话式体验产品设计,78.2,Amir,3/1/2019,电子工业出版社,270,207481
空间机构学与机器人设计方法,46.6,张龙,2/1/2019,东南大学出版社,58,118634
机器智能：人脸工程,70.3,王志良,9/20/2017,机械工业出版社,108,51257
科学+预见人工智能 ,30.6,长城会,5/1/2017,人民邮电出版社,280,11268
工程控制论（下册）(第三版),148.5,钱学森,12/1/2019,科学出版社有限责任公司,445,4951
人工智能和大数据——新智能的诞生 ,46.6,费尔南多·伊弗雷特,1/1/2020,清华大学出版社,83,25024
生成式深度学习 ,78.2,David,5/1/2020,东南大学出版社,5,229455
四足运动——四足机器人控制技术,53.7,,,水利水电出版社,57,190945
AI：人工智能的本质与未来 ,42.5,玛格丽特·博登,6/1/2017,中国人民大学出版社,2180,215537
人工智能入门(初级版) ,39,范瑞峰,5/6/2019,机械工业出版社,119,51403
游戏改变未来教育 ,47.6,腾云智库,7/1/2019,华中科技大学出版社,100,83713
智能机器人控制系统设计教程——多旋翼无人机系统,60.7,李擎,6/1/2020,科学出版社,0,21098
终极智能：感知机器与人工智能的未来 ,37.2,阿米尔·侯赛因,6/1/2018,中信出版社,245,177567
IBM商业价值报告：认知计算与人工智能 ,50.9,IBM商业价值研究院,8/1/2016,东方出版社,363,183217
工业机器人装调与维修 ,48.7,韩鸿鸾,6/1/2018,化学工业出版社,95,173420
人与机器——思想人工智能,38,顾骏,8/1/2018,上海大学出版社,44,46010
我的第一套拼搭科普书：机器人 ,34.32,大卫·霍考克,8/1/2019,四川教育出版社,13,156266
机器人自然交互理论与方法（人机共融技术系列丛书）,26.2,杜广龙,3/1/2017,华南理工大学出版社,45,231648
深度强化学习实践（影印版）,75.2,Maxim,5/1/2019,东南大学出版社,54,95454
机器人制作从入门到精通（第3版） ,46.6,臧海波,1/1/2017,人民邮电出版社,300,300035
树莓派机器人实战秘笈 ,54.5,理查德·格里梅特,10/1/2018,人民邮电出版社,193,3181
工业机器人实操与应用技巧 ,36.3,叶晖,10/1/2010,机械工业出版社,2081,19877
智能制造之卓越设备管理与运维实践 ,62.4,王军,6/15/2019,机械工业出版社,207,248494
Makeblock机器人与创客器材的应用,46.6,郑梦玉,4/16/2018,清华大学出版社,108,253094
智能机器人原理与实践 ,31.2,陈雯柏,7/28/2016,清华大学出版社,99,178215
工业机器人应用系统三维建模(郜海超 ,30,郜海超,3/1/2018,化学工业出版社,55,187341
人工智能基础,61.4,马飒飒,3/1/2020,电子工业出版社,25,132745
玩转乐高 ,45.3,约翰·贝克托,12/15/2016,机械工业出版社,393,201451
全国工业机器人技术应用技能大赛备赛指导,47.2,王亮亮,6/26/2017,机械工业出版社,114,80304
视觉SLAM十四讲：从理论到实践 ,69,高翔,4/1/2017,电子工业出版社,3860,283445
自然语言处理实践：聊天机器人技术原理与应用 ,63.5,王昊奋,2/1/2019,电子工业出版社,623,31017
工业机器人系统及应用 ,70.3,马克,8/14/2019,机械工业出版社,108,167063
神经网络算法与实现 ,46.6,Fábio,8/1/2017,人民邮电出版社,734,280847
工业机器人技术及应用（KUKA）项目化教程(马志敏) ,27.7,马志敏,7/1/2017,化学工业出版社,208,268120
多元时间序列分析及金融应用：R语言 ,62.4,蔡瑞胸,8/8/2016,机械工业出版社,620,206244
空间机器人：建模、规划与控制 ,148.4,梁斌,12/1/2017,清华大学出版社,173,234134
开源机器人操作系统-ROS,94.8,张建伟,8/1/2019,科学出版社,37,175458
仿生机器人,40.7,王成端,6/1/2019,科学出版社,16,230376
人工智能新时代：全球人工智能应用真实落地50例,62.6,ITpro,3/1/2018,电子工业出版社,1243,276467
液压驱动四足仿生机器人理论、技术与实现,116.9,李贻斌,4/1/2020,科学出版社,48,17398
智能机器的未来：人机协作对人类的工作、生活以及知识技能的影响 ,44.3,戴维·明德尔,7/15/2017,中信出版社,279,181666
机器人驱动与控制及应用实例 ,65.2,黄志坚,5/1/2016,化学工业出版社,267,175660
亲密接触人工智能——从零搭建对话机器人,63.5,周德标,11/6/2019,电子工业出版社,113,44047
机器人系统实施: ,38.7,麦克·威尔逊,10/18/2016,机械工业出版社,181,285159
机器智能：人工心理,78.2,王志良,8/1/2017,机械工业出版社,82,164770
工业机器人实操进阶手册 ,81.7,黄风,5/1/2019,化学工业出版社,36,285031
自然语言处理综论（第二版）,156.4,Daniel,3/1/2018,电子工业出版社,843,248153
机器人STEAM创客教育第二册（项目式教学）,39.5,岳鹏,7/1/2016,中国质检出版社(原中国计量出版社),63,94768
机器人爱好者 ,46.6,美国SERVO杂志社,10/1/2016,人民邮电出版社,174,126838
智能化浪潮：正在爆发的第四次工业革命 ,36.3,张江健,9/1/2017,化学工业出版社,1052,119865
智能问答与深度学习 ,54.3,王海良,11/1/2018,电子工业出版社,415,280495
VEX机器人设计,44.2,郑剑春,10/1/2015,清华大学出版社,271,54575
与机器人共舞（迄今为止超完整、极具可读性的人工智能史！） ,59.8,约翰,11/1/2015,浙江人民出版社,2131,294154
基于学习的图像增强技术,17.2,吴炜,2/1/2013,西安电子科技大学出版社,70,95075
轮式和水下机器人的建模、运动分析及路径规划,85.3,王秀青,12/1/2018,科学出版社,62,61695
青少年VEX ,55.1,姜春茂,8/1/2019,清华大学出版社,53,55404
OpenCV计算机视觉编程攻略 ,62.4,罗伯特·拉戈尼尔,5/1/2018,人民邮电出版社,814,166216
解惑人工智能 ,31,丁圣勇,10/1/2018,人民邮电出版社,98,223098
精通Azure数据分析 ,60.7,Zoiner,9/1/2018,中国电力出版社,77,196785
多目标学习算法及其应用,67.6,赵佳琦,6/1/2020,科学出版社,27,176505
认知机器人十讲：机器人如何感知世界 ,44.8,胡曼·萨曼尼,10/10/2018,机械工业出版社,55,237878
波浪驱动水面机器人,88.3,李晔,6/1/2020,龙门书局,0,248218
MATLAB智能算法30个案例分析（2版）,46.6,史峰,3/1/2019,北京航空航天大学出版社,319,148834
机器人系统设计及应用 ,32.2,郭彤颖,1/1/2016,化学工业出版社,365,253234
面向STEM的mBlock智能机器人创新课程 ,39.3,周迎春,12/1/2017,人民邮电出版社,346,51929
大型航天搅拌摩擦焊机器人动态仿真分析与优化设计,77.4,骆海涛,1/1/2020,科学出版社,17,47681
未知环境中移动机器人导航控制理论与方法（英文版）,129.7,蔡自兴,12/1/2019,科学出版社有限责任公司,38,237079
机器人+：战略行动路线图,37.3,王喜文,4/25/2016,机械工业出版社,69,257330
机器人的工作：“敌托邦”还是“乌托邦”（第2版）,45.8,Jason,6/1/2018,电子工业出版社,26,231535
区块链 ,71.8,Adam,4/1/2018,电子工业出版社,1265,217951
乐高创意机器人教程（中级 ,28.4,隋金雪,4/1/2016,清华大学出版社,172,182288
嵌入式机器人学——基于嵌入式系统的移动机器人设计与应用（第3版）,87,托马斯·布劳恩,1/1/2017,西安交通大学出版社,90,265654
挖掘机器人系统建模、辨识与运动控制,55.2,严骏,5/1/2016,国防工业出版社,33,3588
智能运维：从0搭建大规模分布式AIOps系统 ,62.2,彭冬,7/1/2018,电子工业出版社,1251,67185
预测分析与数据挖掘 ,68.3,瓦杰·考图,1/1/2018,人民邮电出版社,219,277186
智能控制理论和方法（第二版）,22.7,李人厚,2/1/2013,西安电子科技大学出版社,139,130131
工业机器人精度补偿技术与应用,68.3,田威,12/1/2019,科学出版社,13,90728
人工智能与机器人,78.2,倪建军,1/1/2020,科学出版社,28,3365
大数据元启发式算法教程 ,54.5,Clarisse,8/1/2017,人民邮电出版社,78,71146
人工智能：计算agent基础(详细介绍AI科学，包含丰富的在线学习资源),62.4,David,1/1/2015,机械工业出版社,578,177230
麦昆机器人和Micro:bit图形化编程 ,46.6,陈宝杰,8/3/2019,清华大学出版社,35,70124
机器视觉自动检测技术,37.9,余文勇,10/1/2013,化学工业出版社,756,297640
自动控制原理与设计（第六版）,61.3,富兰克林,7/1/2014,电子工业出版社,749,94373
智能机器人基础（AI梦工厂） ,47,汤嘉敏,8/1/2019,上海教育出版社,25,191143
人工智能浪潮 ,78.2,中国人工智能产业发展联盟,8/1/2018,人民邮电出版社,700,198963
抒情艺术的机器创作,116.6,周昌乐,5/1/2020,科学出版社,15,112537
像素画：机器怪物 ,13.7,宁波艺趣文化,4/1/2019,四川少儿出版社,42,197642
垃圾回收算法手册：自动内存管理的艺术,109.8,理查德·琼斯,3/9/2016,机械工业出版社,259,96186
人工智能入门(第二册),14.3,汤晓鸥,5/1/2019,商务印书馆,260,95479
AI改变设计——人工智能时代的设计师生存手册 ,54.5,薛志荣,12/29/2018,清华大学出版社,472,86566
工业机器人应用案例入门 ,36.4,余任冲,8/1/2015,电子工业出版社,317,212684
工业机器人操作、编程及调试维护培训教程 ,38.7,饶显军,10/25/2016,机械工业出版社,256,227788
下肢助力外骨骼机器人技术,46.9,韩亚丽,3/1/2020,东南大学出版社,6,259270
中厚板焊接机器人系统及传感技术应用,30,刘伟,6/1/2013,机械工业出版社,156,127376
Python ,62.4,陈晓伍,3/9/2019,清华大学出版社,300,211610
TensorFlow入门与实战 ,38.7,罗冬日,2/1/2018,人民邮电出版社,346,1920
机器人创新设计——基于慧鱼创意组合模型的机器人制作（青少年科技创新丛书）,48.9,景维华,7/1/2014,清华大学出版社,169,131414
人人都能懂的人工智能,54.3,悟空,10/1/2019,电子工业出版社,95,194208
走近2050：注意力、互联网与人工智能 ,46.6,集智俱乐部,6/1/2016,人民邮电出版社,691,43832
无线电合订本 ,78.2,无线电,3/1/2019,人民邮电出版社,189,155534
工业机器人技术基础 ,49.8,林燕文,2/1/2019,人民邮电出版社,48,255008
人工智能中的深度结构学习 ,27.6,Yoshua,8/4/2017,机械工业出版社,255,151413
机器人爱好者 ,38.7,美国SERVO杂志,12/1/2017,人民邮电出版社,103,251572
冗余空间机器人操作臂：运动学、轨迹规划及控制,93.2,徐文福,8/1/2019,科学出版社,94,45324
机器人特工训练营——学生活动手册（上）,9.4,张海兵,6/19/2017,清华大学出版社,126,137968
仿生蛇形机器人技术,44.2,苏中,12/1/2015,国防工业出版社,57,281304
科学的极致：漫谈人工智能 ,38.7,集智俱乐部,8/1/2015,人民邮电出版社,900,149777
机器人控制技术基础,37.9,徐振平,6/1/2017,国防工业出版社,52,239159
人工智能改变世界：走向社会的机器人,30,刘进长,1/1/2017,水利水电出版社,65,88306
无线电合订本 ,78.2,无线电,3/1/2019,人民邮电出版社,201,297842
Arduino&乐高创意机器人制作教程 ,55.1,高山,5/1/2017,清华大学出版社,215,228241
人工智能入门(第一册),14.3,汤晓鸥,5/1/2019,商务印书馆,285,89761
机器崛起前传——自我意识与人类智慧的开端 ,40.7,蔡恒进,4/1/2017,清华大学出版社,334,211005
中国工程机器人大赛精选案例1,54.5,中国工程机器人大赛暨国际公开赛组委会,5/1/2017,科学出版社,44,276497
竞赛机器人 ,38.7,王志良,7/18/2017,机械工业出版社,36,66185
人工智能 ,38.7,尼格尼维斯基,8/1/2012,机械工业出版社,2051,63489
新一代人工智能与语音识别 ,35.1,马延周,7/24/2019,清华大学出版社,88,97627
构建体验新框架：人性化·智能化·平台化 ,101.9,胡晓,6/19/2019,清华大学出版社,139,218559
机器人大脑,101.1,肖南峰,4/1/2019,科学出版社有限责任公司,21,15889
工业机器人编程与操作 ,54.5,龚仲华,10/31/2016,机械工业出版社,227,153116
Python与神经网络实战 ,62.4,何宇健,7/1/2018,电子工业出版社,283,228734
自适应系统与机器智能 ,46.6,何海波,7/1/2016,机械工业出版社,74,179038
乐高创意机器人教程（中级 ,24.8,隋金雪,5/5/2016,清华大学出版社,157,284069
工业机器人:产品包装典型应用精析 ,47.6,管小清,4/6/2016,机械工业出版社,165,280779
建筑机器人建造,79,,,同济大学出版社,15,13998
日本漫画手绘技法经典教程12：机械的画法 ,18.7,山上胜也,1/1/2015,中国民族文化出版社有限公司,463,48399
App ,38.6,郑剑春,8/12/2016,清华大学出版社,158,137385
动态行走双足机器人的稳定性分析与控制,53.7,刘丽梅,12/1/2018,科学出版社,19,78519
工业机器人编程指令详解 ,81.9,黄风,2/1/2017,化学工业出版社,141,78940
工业机器人操作 ,48.7,韩鸿鸾,3/1/2018,化学工业出版社,57,169853
无人机简史 ,62.8,邓涛,8/20/2018,机械工业出版社,147,266003
机器人探索,33.8,蒲国林,6/1/2019,科学出版社,21,271831
机器人构建实战 ,46.6,丘柳东,4/1/2017,人民邮电出版社,64,58920
智能机器人技术,25.2,王茂森,8/1/2015,国防工业出版社,46,44398
小创客机器人教程(第二册),28.4,袁明宏,6/15/2016,清华大学出版社,181,235743
科学鬼才 ,62.4,Myke,12/1/2017,人民邮电出版社,152,237711
拟人双臂机器人技术,77.4,丁希仑,8/1/2019,科学出版社,9,135207
焊接机器人案例教程(邵慧) ,19.3,邵慧,7/1/2015,化学工业出版社,63,206371
创造你自己的机器人 ,27.6,凯思林雷利,1/1/2015,湖北人民出版社,140,164096
智慧的疆界：从图灵机到人工智能 ,54.5,周志明,10/24/2018,机械工业出版社,237,170262
服务机器人模块化双臂的协调操作,37.9,李宪华,3/1/2016,国防工业出版社,35,174461
世界机器人未来大格局 ,29.2,王喜文,1/1/2016,电子工业出版社,121,113486
机器人技术基础及应用 ,25.7,郭彤颖,1/23/2017,清华大学出版社,119,256707
人工智能产品经理：人机对话系统设计逻辑探究 ,46.4,朱鹏臻,9/1/2018,电子工业出版社,578,187564
空间机器人运动控制方法,37.9,郭琦,12/1/2010,中国宇航出版社,67,186612
多光谱食品品质检测技术与信息处理研究 ,54.5,刘翠玲,1/3/2018,机械工业出版社,37,169731
PVCBOT超简单机器人设计与制作（第2版） ,47.6,梁玮,7/1/2016,人民邮电出版社,72,112464
机器人爱好者 ,46.6,美国SERVO杂志,11/1/2017,人民邮电出版社,135,57599
人人都应该知道的人工智能 ,44.8,杰瑞,6/11/2018,浙江人民出版社,164,154965
探索LEGO ,62.4,朴恩俊,6/19/2018,机械工业出版社,45,208393
Unity3D人工智能编程精粹 ,31.4,王洪源,11/30/2014,清华大学出版社,514,254404
硅谷简史：通往人工智能之路 ,56.6,钱纲,9/1/2018,机械工业出版社,194,141575
人工智能入门(第三册),14.3,汤晓鸥,5/1/2019,商务印书馆,245,64706
人工智能：从科幻中复活的机器人革命 ,35.7,袁飞,3/1/2018,中国铁道出版社,64,11622
智能机器人,20.5,陈黄祥,10/1/2012,化学工业出版社,98,267459
智能小车机器人制作大全 ,46.6,无线电,6/1/2017,人民邮电出版社,158,103791
水下机器人导航技术,62.1,张强,5/1/2020,科学出版社,1,104641
基于ROS的机器人理论与应用,53.7,何炳蔚,10/1/2018,科学出版社,39,15473
人工智能 ,34,丁世飞,3/1/2015,清华大学出版社,199,164956
人工智能入门(第四册),14.3,汤晓鸥,5/1/2019,商务印书馆,255,61442
机器人程序设计——仿人机器人竞技娱乐运动设计,14.4,钟秋波,8/1/2013,西安电子科技大学出版社,48,103436
人脸识别原理及算法——动态人脸识别系统研究,70.3,,9/1/2014,人民邮电出版社,553,160146
精通QTP——自动化测试技术领航(人人都可以读懂的软件测试书),54.5,余杰,1/1/2012,人民邮电出版社,2621,34071
Spark数据分析:基于Python语言(英文版） ,67.2,杰夫瑞·艾文,3/10/2019,机械工业出版社,24,11992
基于ARM9的小型机器人制作,23.7,谭立新,11/1/2011,电子工业出版社,106,172268
探秘机器人王国,45.8,蔡自兴,4/19/2018,清华大学出版社,74,291650
分散控制系统（DCS）和现场总线控制系统（FCS）及其工程设计 ,38.5,李占英,7/1/2015,电子工业出版社,657,45648
人工智能改变未来：工作方式、产业和社会的变革 ,47.9,野村直之,6/1/2018,东方出版社,239,291499
神奇的机器人,32.2,陈万米,6/1/2014,化学工业出版社,35,281768
机器人视觉系统研究,63.2,郑志强,4/1/2018,科学出版社有限责任公司,117,136091
仿人机器人原理与实战,54.5,布莱恩.伯杰伦,6/1/2015,机械工业出版社,72,278642
机器人编程与操作,39.3,韦伟松,5/1/2018,电子工业出版社,13,136277
机器人技术入门,38.7,魏巍,10/1/2014,化学工业出版社,77,129169
机器人技术创意设计,37.3,赵小川,1/1/2013,北京航空航天大学出版社,70,230578
双足机器人行走控制与优化 ,46.6,陈启军,7/28/2016,清华大学出版社,94,78738
工业机器人与机械手,24.1,滕宏春,2/1/2015,电子工业出版社,348,91720
小创客机器人教程（第一册）,28.4,袁明宏,8/1/2015,清华大学出版社,307,275441
人工智能的进化：计算机思维离人类心智还有多远？,36.8,赫克托·莱韦斯克,4/1/2018,中信出版社,361,224105
打磨机器人控制技术 ,61.4,卜迟武,7/1/2020,化学工业出版社,0,289973
神之一手——解密最强围棋人工智能AlphaGo ,47.6,刘宇,9/1/2018,青岛出版社,431,262347
人工智能十万个为什么：热AI ,71.8,智能相对论,6/1/2019,电子工业出版社,130,265589
一本书读懂人工智能（图解版） ,27.5,李连德,6/1/2016,人民邮电出版社,1122,289589
机器人简史（第二版）,33.8,中国电子学会,8/1/2017,电子工业出版社,131,69608
乐高EV3机器人编程超简单 ,54.5,曾吉弘,9/1/2018,人民邮电出版社,126,185911
大话机器人 ,62.4,高德东,8/2/2019,机械工业出版社,25,36379
ZigBee无线传感器网络设计与实现,39.6,王小强,6/1/2012,化学工业出版社,1624,108107
文本分析与文本挖掘,86.9,姜维,12/1/2019,科学出版社,159,96217
多传感器信息融合估计理论及其在智能制造中的应用,61.8,金学波,3/1/2019,华中科技大学出版社,98,149442
人工智能技术与智能机器人 ,41.2,李征宇,1/1/2018,化学工业出版社,149,15615
乐高机器人套装,109.66,码高机器人,1/1/2017,,49,33418
人工智能+：AI与IA如何重塑未来 ,39.4,韩德尔·琼斯,10/1/2018,机械工业出版社,213,279586
LMS ,54.5,付永领,10/1/2011,北京航空航天大学出版社,714,75163
机器人设计与制作,24.8,丘柳东,1/1/2015,西南交通大学出版社,24,179379
滴滴技术大牛带你学数据库与XGBoost套装 ,164.2,何龙,4/1/2020,机械工业出版社,1,85707
机器视觉技术在安全辅助驾驶中的应用,24.1,郭克友,10/1/2012,国防工业出版社,111,128152
工业机器人操作教程,15.6,李福运,11/1/2016,北京航空航天大学出版社,25,297857
EV3机器人之快乐搭建,37.3,小学拓展型课程校本教材,3/15/2017,机械工业出版社,105,60997
基于人工免疫的移动机器人任务分配及路径规划技术,19.7,袁明新,8/1/2015,国防工业出版社,42,239727
机器人视觉系统研究,65.5,郑志强,7/1/2020,科学出版社,0,44909
智能机器人,54.5,郝加波,6/1/2019,科学出版社,3,218840
物联网+智能家居：移动互联技术应用 ,32.2,郑静,1/1/2017,化学工业出版社,465,147750
人工智能与我们：AI100问,30.8,侯公林,10/15/2019,中国人民大学出版社,24,157833
TinyML：TensorFlow ,82.1,皮特·瓦尔登,7/1/2020,东南大学出版社,0,230922
工业机器人技术基础,25.1,杨杰忠,8/1/2017,电子工业出版社,33,263410
双足步行机器人仿真设计,26.2,ROBO,1/1/2013,科学出版社,192,265229
人工智能原理及其应用（第4版）,35.7,王万森,8/1/2018,电子工业出版社,149,122439
水中仿生机器人导论 ,54.5,谢广明,4/19/2017,清华大学出版社,67,266809
机器人制作入门攻略,54.5,库克,4/1/2013,人民邮电出版社,938,36537
家庭服务机器人工具和环境的功用性认知研究,53.7,吴培良,4/1/2020,科学出版社,7,101990
竞赛机器人的创新与实践,30,陈万米,4/1/2012,上海大学出版社,32,282729
趣味机器人入门——基于乐高教育机器人的创新设计,39.3,仲照东,10/1/2015,电子工业出版社,120,259297
发展型机器人：由人类婴儿启发的机器人 ,62.4,安吉洛·坎杰洛西,2/6/2017,机械工业出版社,84,237439
机器智能：人工情感,62.4,王志良,8/30/2017,机械工业出版社,72,217903
国之重器出版工程 ,53.7,吴心筱,9/1/2019,北京理工大学出版社,16,37374
智能机器人,44.4,朴松昊,12/1/2012,哈尔滨工业大学出版社,42,219877
源于自然的机器人导航基于啮齿类动物模型的同步定位地图构建和路径规划,40,高晓颖,6/1/2016,国防工业出版社,48,256312
机器人应用先进技术（英文版）,118.5,杨辰光,6/1/2016,科学出版社,15,290770
人工智能：刑法的时代挑战 ,53.5,刘宪权,7/1/2018,上海人民出版社,264,91741
自动控制原理(线性部分)学习指导,12.4,李一兵,12/1/2007,,4,147551
“软件人”与机器人合一系统的研究及应用,46.6,张青川,9/1/2018,电子工业出版社,13,203070
机器人爱好者 ,54.5,美国SERVO杂志,4/1/2017,人民邮电出版社,132,85944
机器人探索,34.3,尹超,9/1/2010,北京大学出版社,50,59161
无监督学习方法及其应用,69.5,谢娟英,11/1/2016,电子工业出版社,82,168252
人工智能原理及应用,31.4,佘玉梅,12/1/2018,上海交通大学出版社,20,105176
机器人技术应用--竞赛项目训练教程,22.1,过磊,6/1/2014,国防工业出版社,20,29483
工业机器人与自控系统的集成应用 ,81.9,黄风,2/1/2017,化学工业出版社,225,20390
机器人与未来（机器人探索与实践系列）,37.1,I.R.诺巴克什,11/1/2015,西安交通大学出版社,40,201632
基础机器人制作与编程（第2版）,19.7,秦志强,3/1/2011,电子工业出版社,162,6119
基于总线的模块化机器人控制与实现,24,王文斌,8/1/2016,电子工业出版社,38,161113
机器人完全DIY,22,,,中国地质大学出版社,2,251362
工业机器人应用基础—基于ABB机器人,29.9,魏志丽,11/1/2016,北京航空航天大学出版社,128,247440
新智元：机器+人类=超智能时代 ,43.4,杨静,3/1/2016,电子工业出版社,300,214536
机器人爱好者 ,54.5,美国SERVO杂志,8/1/2017,人民邮电出版社,113,101259
人工智能超越人类：技术奇点的冲击 ,35.1,小池淳义,11/8/2018,机械工业出版社,59,289123
Scratch遇上机器人：喵星人创意图形化编程秘籍 ,51.3,王晓辉,3/1/2017,济南出版社,158,131945
机器人创新设计与制作,23.4,张文建,2/1/2016,中国电力出版社,8,219110
JavaScript机器人编程指南 ,31,Kassandra,12/1/2016,人民邮电出版社,60,95118
虚拟机器人设计与实践,15.4,魏雄鹰,4/10/2014,科学出版社,97,175382
计算机支持的学习——协同知识建构与可视化视野,32.3,任剑锋,10/1/2016,首都师范大学出版社,20,207503
"智能车设计""飞思卡尔杯""从入门到精通",40,闫琪,9/1/2014,北京航空航天大学出版社,370,206488
无人机技术概论 ,39.3,贾恒旦,6/13/2018,机械工业出版社,97,93227
大数据智能核心技术入门：从大数据到人工智能 ,33.8,杜圣东,4/1/2019,电子工业出版社,95,54288
UI交互动效必修课 ,78.2,UEgood,6/1/2018,清华大学出版社,261,118636
大数据与人工智能导论 ,62.4,姚海鹏,8/1/2017,人民邮电出版社,745,103304
脑机穿越：脑机接口改变人类未来 ,41.3,尼科莱利斯,3/1/2015,浙江人民出版社,992,132566
系统辨识,62.4,Soderstrom,4/1/2017,电子工业出版社,129,143150
虚拟现实：最后的传播,29.2,聂有兵,4/1/2017,中国发展出版社,482,188034
Raspberry ,40.7,王进德,6/20/2018,北京大学出版社,33,28052
统计模式识别（第三版）,61.3,Andrew,1/1/2015,电子工业出版社,355,291357
数据采集与总线技术,25,任家富,9/1/2008,北京航空航天大学出版社,176,262757
生物特征识别——身份认证的革命 ,30.8,邱建华,1/1/2016,清华大学出版社,350,100346
冗余并联机器人构型综合与应用,60,郭盛,7/1/2016,科学出版社,27,61764
自动控制原理480题,37.7,李友善,1/1/2015,哈尔滨工业大学出版社,217,274590
机器脑时代：数据科学究竟如何颠覆人类生活,46.6,加藤埃尔蒂斯聪志,12/13/2019,中国人民大学出版社,26,117981
蚁群算法及其应用,17.2,李士勇,9/1/2004,哈尔滨工业大学出版社,718,183260
秩序的重构——人工智能与人类社会,48,金东寒,12/1/2017,上海大学出版社,126,21192
中国人工智能2.0发展战略研究,156.1,中国人工智能2.0发展战略研究项目组,3/1/2019,浙江大学出版社,178,116484
增强现实交互方法与实现,105,何汉武,4/1/2019,华中科技大学出版社,73,65659
人工智能与信息感知,70.3,王雪,6/28/2018,清华大学出版社,115,47591
智能手机与生活,19.8,陈峥,12/1/2017,电子工业出版社,70,79545
最后一个人类 ,59.8,马克·奥康奈尔,1/1/2019,浙江人民出版社,93,180435
新一代专家系统开发技术及应用,16.5,刘培奇,1/1/2014,西安电子科技大学出版社,100,39695
深度思考——人工智能的终点与人类创造力的起点,44.9,加里·卡斯帕罗夫,10/1/2018,中国人民大学出版社,194,227732
文字识别：原理、方法和实践 ,101.1,丁晓青,4/1/2017,清华大学出版社,151,68260
Unity ,46.6,昂.斯尤.基奥,6/1/2015,机械工业出版社,331,211908
人脸识别原理与实战：以MATLAB为工具 ,62.4,王文峰,2/1/2018,电子工业出版社,726,59188
可穿戴设备：移动的智能化生活 ,44.8,徐旺,1/1/2016,清华大学出版社,160,46471
疯狂造物：3D打印创意场景设计与制作指南 ,73.4,贝勒教学工作室,5/1/2019,化学工业出版社,55,293309
龙芯自主可信计算及应用 ,54.5,乐德广,12/1/2018,人民邮电出版社,87,296088
乐高——实战EV3（青少年科技创新丛书）,53.7,郑剑春,1/1/2014,清华大学出版社,1470,27349
智能化未来:“暴力计算”开创的奇迹 ,62.4,谢耘,6/29/2018,机械工业出版社,104,235028
一本书读懂人工智能 ,49.2,日经xTECH,9/1/2018,东方出版社,105,193837
人工智能集对分析,75.9,蒋云良,8/1/2019,科学出版社,28,61997
FANUC数控系统用户宏程序与编程技巧(附光盘) ,30,斯密德,8/1/2007,化学工业出版社,864,165257
智能垃圾分类收集竞赛机器人开发实战,24.8,伍冯洁,8/1/2018,哈尔滨工程大学出版社,36,146226
工业机器人应用案例集锦 ,81.9,黄风,5/1/2017,化学工业出版社,155,153876
Raspberry ,39.3,Richard,4/1/2016,电子工业出版社,74,229640
工业机器人安装与调试教程,15.6,李福运,11/1/2016,北京航空航天大学出版社,67,218337
玩中学--乐高机器人入门 ,30.8,梁潆,12/1/2016,清华大学出版社,162,154113
代替人工作的机器,24.1,,,中国商业出版社,1,231029
素质体育陆地机器人培训教程（已入库3000册）,18.5,赵国冬,4/1/2013,哈尔滨工程大学出版社,5,215582
自主研抛机器人技术 ,47.6,王文忠,7/18/2017,机械工业出版社,16,280162
虚拟人 ,54.6,玛蒂娜,8/1/2016,浙江人民出版社,507,155092
机器智能 ,22,约翰·E·凯利,1/1/2016,中信出版社,431,98321
21世纪机器人 ,40.7,布莱恩·戴维·约翰逊,6/27/2017,机械工业出版社,62,143609
揭开机器人的面纱 ,44.8,邹慧君,4/6/2016,机械工业出版社,24,55414
视觉伺服反馈的非完整机器人饱和控制研究,17.9,陈华,11/1/2012,江苏大学出版社,68,128608
工业机器人建模,24.7,何成平,1/1/2018,电子工业出版社,15,65613
工业机器人应用基础—基于KUKA ,28.2,林燕文,11/1/2016,北京航空航天大学出版社,141,281762
工业机器人,19.3,蒋刚,1/1/2011,西南交通大学出版社,198,46239
SCRATCH与机器人,41.9,林雪森,5/31/2017,大象出版社,38,167382
双足步行机器人进化技术,30,ROBO,1/1/2013,科学出版社,165,269785
导盲机器人定位与路径规划技术,40.7,,,国防工业出版社,6,31651
车型机器人,13.1,杨欢耸,4/1/2018,电子工业出版社,9,238621
奇妙机器人之旅——机械镇危机,19.1,乐卡机器人创新培养丛书编委会,7/1/2016,清华大学出版社,11,265893
智能机器人（上） ,28.4,崔天时,6/21/2019,北京邮电大学出版社有限公司,0,299986
创意之星：模块化机器人设计与竞赛(第2版)（十三五）,30.2,李卫国,9/1/2016,北京航空航天大学出版社,60,200222
当机器人遇上Arduino,29.5,律原,11/1/2018,科学出版社,13,113888
BeagleBone ,26.8,格里梅特,1/1/2015,电子工业出版社,73,7557
机器人地图创建与环境探索,28.9,斯塔赫尼克,5/1/2013,国防工业出版社,73,155910
混合驱动柔索并联机器人力学分析与跟踪控制技术,53.7,訾斌,12/1/2017,科学出版社,30,34227
全国青少年校外教育活动指导教程丛书：机器人创新与实践,22.6,韩继彤,3/1/2015,武汉大学出版社,48,247492
工业机器人运用技术,18.5,刘军社,7/1/2017,科学出版社有限责任公司,194,15218
工业机器人应用技术(袁海亮) ,25.8,袁海亮,9/1/2017,化学工业出版社,10,236739
玩中学——乐高机器人入门（上册）,35.3,梁潆,3/1/2016,清华大学出版社,239,148572
大规模强化学习,75.8,刘全,3/1/2018,科学出版社,116,224939
Python数据分析 ,78.2,McKinney,7/1/2018,东南大学出版社,85,151348
人工智能3.0：大智若愚（国家大事丛书）,19.7,高奇琦,5/1/2019,复旦大学出版社,39,228524
电容成像技术及其应用,14.7,董向元,8/1/2008,黄河水利出版社,19,110951
R语言机器学习参考手册（影印版）,53.8,丘祐玮,1/1/2016,东南大学出版社,27,23389
虚拟仪器与数据采集 ,26,阎芳,3/1/2015,机械工业出版社,70,294539
人件（英文版 ,54.5,汤姆·迪马可,11/1/2015,机械工业出版社,119,164253
游戏AI开发实用指南 ,46.6,麦克·达格雷斯,3/5/2018,机械工业出版社,121,88177
现代电力系统辨识人工智能方法,67.6,艾芊,1/1/2012,上海交通大学出版社,52,152025
广东省人工智能产业技术发展研究报告.2018 ,47.7,王佳胜,8/1/2018,科学技术文献出版社,86,86158
无界：人工智能时代的认知升级,36.6,刘志毅,4/1/2018,电子工业出版社,284,178213
群智能优化及其在物流中的应用,77.6,李文锋,3/15/2019,华中科技大学出版社,49,128792
人工智能知识讲座,30,谭营,4/1/2018,人民出版社,68,56552
人工智能：开启颠覆性智能时代——奥森文库 ,49,周晓垣,5/1/2018,台海出版社,200,295609
计算智能,38.7,康立山,10/1/2019,科学出版社,50,183476
群体智能优化算法及其应用,117.7,孙家泽,4/1/2020,科学出版社,3,72013
R语言数据挖掘,38.7,哈萨克斯坦,10/28/2016,机械工业出版社,60,174758
指纹特征提取与多特征识别,27.6,陈芳林,10/1/2016,国防工业出版社,84,205159
人工智能超越人类 ,38.7,台場,10/15/2018,机械工业出版社,31,234087
工业机器人与现场总线网络技术 ,88.3,黄风,4/1/2020,化学工业出版社,4,66603
MATLAB在日常计算中的应用 ,38.7,杜树春,8/3/2018,清华大学出版社,22,89977
单片机技术及应用——基于机器人制作项目的学习与实践,,,,,,276936
Vega ,46.9,万明,6/1/2015,国防工业出版社,80,25688
情感机器人 ,63.4,仇德辉,8/1/2018,台海出版社,138,274340
虚拟现实：引领未来的人机交互革命 ,40.7,王寒,7/1/2016,机械工业出版社,695,164444
用于放射物理和生物医学工程的计算机人体模型：历史和未来,47.6,徐榭,5/1/2020,科学出版社,1,100605
人工智能简明知识读本 ,21.7,,11/16/2017,新华出版社,127,207281
面向智能社会的国家创新力——智能化大趋势 ,104.2,国家创新力评估课题组,5/1/2017,清华大学出版社,134,293114
自动检测技术及仪表控制系统(张毅)(三版),24.8,张毅,9/1/2012,化学工业出版社,166,23617
光纤白光干涉传感技术,26.3,苑立波,5/1/2011,北京航空航天大学出版社,56,194078
先进控制理论：智能控制方法及应用研究,51.8,刘海朝,5/1/2019,水利水电出版社,19,55079
数据挖掘与商务分析：R语言,54.5,约翰尼斯·莱道尔特,10/28/2016,机械工业出版社,111,111413
数据化：由内而外的智能,41.9,,,中国传媒大学出版社,24,10750
规则时代：虚拟现实、人工智能和区块链构建的游戏化未来,47.6,光速追猎者,6/1/2018,电子工业出版社,86,29040
商业智能深入浅出——Cognos，Informatica技术与应用,55.1,王飞,3/1/2012,机械工业出版社,752,293367
遥感数据自动化处理方法与程序设计,45.8,马建文,1/1/2011,科学出版社,73,166445
"""心迹""的计算──隐性知识的人工智能途径 ",30,董军,3/1/2017,上海科学技术出版社,61,187921
从无限运算力到无限想象力：设计人工智能概览,40,范凌,5/1/2019,同济大学出版社,58,146331
虚拟现实基础与实战,48.7,谭杰夫,7/1/2018,化学工业出版社,49,63375
智能制造标准案例集,95.2,辛国斌,6/1/2016,电子工业出版社,416,225854
复杂流程系统的实时模拟与优化,74.4,邵之江,10/1/2014,科学出版社,20,285333
全息成像概论,20.7,韦穗,1/1/2013,安徽大学出版社,180,28025
基于HLA的分布仿真环境设计,89,邱晓刚,2/1/2016,国防工业出版社,67,12836
人工智能复杂问题求解的结构和策略（原书第6版）,62.4,卢格,1/1/2010,机械工业出版社,952,106094
传感器原理、设计与应用（第5版）,46.6,刘迎春,6/1/2015,国防工业出版社,79,101015
水下航行器跟踪控制的非线性理论分析,85.3,张利军,11/1/2019,科学出版社,11,212798
达人迷 ,47.6,Dwight,6/1/2017,人民邮电出版社,118,293311
面向虚拟现实仿真环境的头颈部外骨骼系统,78.2,李鹏,1/1/2019,科学出版社,15,186679
泰勒和他的解题机器 ,22.9,詹妮弗·里夫斯·邦纳,8/19/2016,机械工业出版社,12,175653
技术的功能：面向人工物的使用与设计,62.4,威伯·霍克斯,1/1/2020,科学出版社有限责任公司,40,74679
基于惯性技术的波浪能转换器,41.4,布拉科,7/1/2015,国防工业出版社,26,7206
高级人工智能（第三版）,130.3,史忠植,6/1/2019,科学出版社,148,112338
计算思维——计算学科导论(双色) ,33,唐培和,4/1/2015,电子工业出版社,209,43432
Xen虚拟化技术完全导读,30.9,Chisnall,1/1/2014,北京航空航天大学出版社,136,100271
自动化概论(夏洪永),15,夏洪永,8/1/2011,化学工业出版社,45,61984
居家养老AIP技术 ,38.6,吴茵,6/30/2016,西南交通大学出版社,94,238789
2020年人工智能时代：我们幸福的工作方式,32.2,崔海明,9/1/2018,机械工业出版社,56,245957
传感器应用技术习题册,6,人力资源和社会保障部教材办公室,4/1/2012,中国劳动社会保障出版社,95,255708
结构健康监测：理论建模和计算智能方法,28.4,郑世杰,11/1/2014,国防工业出版社,47,276526
基于稀疏算法的人脸识别,53.8,徐勇,1/1/2015,国防工业出版社,184,288433
直拉硅单晶生长过程建模与控制,148.5,刘丁,6/1/2015,科学出版社,46,280919
白话深度学习与TensorFlow,,,,,,67538
商务智能（第四版） ,38.7,赵卫东,11/21/2016,清华大学出版社,210,272070
智能控制理论及实现方法研究,46.8,鲁艳旻,4/1/2019,水利水电出版社,16,49675
Python与AI编程（上）,30,施彦,7/17/2019,北京邮电大学出版社有限公司,7,245134
几种改进的智能优化算法及其应用,58.4,武装,1/1/2019,科学技术文献出版社,30,229606
领域自适应目标检测方法与应用,93.8,叶茂,3/1/2019,科学出版社,9,253809
意向性与人工智能,91.3,高新民,12/1/2014,中国社会科学出版社,63,173144
群智能,46.9,梅克莱,7/1/2011,国防工业出版社,100,56965
人工智能大爆炸：AI时代的人类命运 ,58,路易斯,2/1/2019,海天出版社,141,82863
物联网：万物互联的技术及应用,36.9,张志勇,2/1/2019,安徽大学出版社,7,155947
人工智能,27.6,柴玉梅,6/1/2012,机械工业出版社,182,297528
人工智能及其演化,69.5,刘海滨,4/1/2018,科学出版社有限责任公司,69,215827
计算智能 ,18.5,张昆龙,4/1/2015,煤炭工业出版社,17,21778
基于新能源的智能汽车新技术研究,65.5,刘海朝,4/1/2019,水利水电出版社,13,128090
UG ,55.2,北京兆迪科技有限公司,4/20/2018,机械工业出版社,95,197836
典型目标识别与图像除雾技术,54.5,董慧颖,7/1/2016,国防工业出版社,70,230187
ADAMS ,54.5,胡仁喜,3/23/2016,机械工业出版社,269,267585
AI进化论——解码人工智能商业场景与案例,43.8,亿欧智库,5/1/2018,电子工业出版社,274,282945
自动控制原理答疑解惑与典型题型,26.2,杨万和,8/1/2014,北京邮电大学出版社有限公司,31,212886
西门子人机界面工程应用与故障检修实例 ,23.2,周志敏,3/1/2016,中国电力出版社,50,236094
深度学习(deep ,,,,,,157840
诉答博弈——程序性公正的人工智能模型,40.2,托马斯·F.戈登,8/1/2018,中国政法大学出版社,52,23988
过程控制技术(刘玉梅)(二版),23,刘玉梅,4/1/2009,化学工业出版社,19,247360
智能SAR影像变化检测,93.2,焦李成,12/1/2019,科学出版社,43,134807
控制工程基础（第二版）,16.7,高铁红,7/1/2010,中国质检出版社(原中国计量出版社),69,65311
现代传感器技术及应用,18.1,秦志强,5/1/2010,电子工业出版社,77,34933
传感器原理与应用（第3版） ,30.3,孟立凡,3/1/2015,电子工业出版社,81,18473
形式语言与自动机(第2版),29,杨娟,3/1/2017,北京邮电大学出版社有限公司,67,135246
城堡里学无人机：原理、系统与实现 ,46.6,杨浩,9/20/2017,机械工业出版社,144,193061
面向数据科学家的实用统计学（影印版）,66.3,Peter,7/1/2018,东南大学出版社,52,248026
传感器原理及应用（第2版）,37.8,彭杰纲,2/1/2017,电子工业出版社,98,14708
传感器原理及应用,22.5,路敬祎,2/1/2014,哈尔滨工程大学出版社,10,241709
ROBCAD操作入门,69.1,刘永,3/1/2019,水利水电出版社,16,78398
传感器应用设计300例(下册),53.8,张洪润,10/1/2008,北京航空航天大学出版社,264,70847
智能城市产业发展与大数据战略研究,100.7,智能城市建设与大数据战略研究项目组,4/30/2019,浙江大学出版社,26,35717
面向机器智能的TensorFlow实践 ,54.5,山姆·亚伯拉罕,4/17/2017,机械工业出版社,783,65564
非线性控制,33.1,马克茂,4/1/2014,哈尔滨工业大学出版社,59,88250
人工智能：Python实现（影印版）,69.5,普拉提克`乔希,10/1/2017,东南大学出版社,227,30995
自动化控制系统设计实例手册,38,封苏伟,12/1/2011,中国建筑工业出版社,127,46637
大数据与人工智能研究,75.7,王莉,12/1/2018,中国纺织出版社,54,95844
虚拟现实理论与实践 ,33.6,张泊平,4/20/2017,清华大学出版社,33,36995
初识人工智能,27.6,秦志强,3/1/2018,电子工业出版社,102,49648
Pattern ,109,王申培,12/1/2011,高等教育出版社,45,34163
走进大数据与人工智能,48.6,王翔,11/1/2018,天津大学出版社,15,11499
2017智能交通产品与技术应用汇编,314.4,中国智能交通协会,11/1/2017,电子工业出版社,30,81840
认知无线电中多信道动态频谱管理方法研究 ,35.3,赵楠,4/1/2019,水利水电出版社,12,64087
工效学基本原理、应用及技术,56.5,布什,5/1/2016,国防工业出版社,60,25774
自动控制原理(田思庆) ,33.1,田思庆,7/1/2015,化学工业出版社,46,8610
遥感数字图像处理与应用,30.8,冯学智,9/1/2011,商务印书馆,129,30056
遥感技术与农业应用,30,严泰来,7/1/2008,中国农业大学出版社,71,17492
中国智能电网与智能能源网发展战略研究 ,25.81,中国智能城市建设与推进战略研究项目组,9/30/2017,浙江大学出版社,44,38492
集散控制系统应用维护技术,27.3,黄建华,4/1/2018,电子工业出版社,6,80083
国家智能制造标准体系建设指南（2015年版）解读,88.3,辛国斌,6/1/2016,电子工业出版社,208,90184
自然人机交互技术及应用,88.3,吴亚东,5/1/2020,科学出版社,1,72336
人工智能 ,38.7,周志敏,8/1/2017,人民邮电出版社,111,86403
Fractional ,70.3,塔拉索夫,8/1/2010,高等教育出版社,30,47896
现代传感与检测技术,22.9,徐兰英,4/1/2015,国防工业出版社,26,35048
电子政务发展前沿（2017）） ,67.9,杨绍亮,6/1/2017,中国经济出版社,85,5172
遥感原理与应用实验教程,30,陈晓玲,3/1/2013,科学出版社,39,100059
安全系统中的多模态生物特征识别与智能图像处理,42.6,郑毅,9/1/2016,国防工业出版社,61,62608
过程控制系统与装置,30.8,张宏建,9/1/2012,机械工业出版社,28,13008
传感器技术大全（中册）,58.6,张洪润,11/1/2007,北京航空航天大学出版社,433,83917
三维人脸建模方法研究与应用,26.9,盖赟,5/1/2015,中国社会科学出版社,23,55050
固体中能量电子的输运——计算机仿真及其在材料分析和表征中的应用,53.7,毛里奇奥·戴普瑞,1/1/2017,国防工业出版社,17,60039
传感器技术(第3版),25.2,贾伯年,7/1/2011,东南大学出版社,82,45826
模糊控制技术,19.7,党建武,8/1/2007,中国铁道出版社,60,29827
大学生创新实验和智能控制比赛--基于飞思卡尔DSP系列,26.9,冬雷,10/1/2014,北京航空航天大学出版社,31,19903
自动控制原理（上）,30,谢昭莉,7/1/2012,机械工业出版社,77,92772
新观点新学说学术沙龙文集97--基于大数据和专家知识的人工智能前沿基础理论,14.2,中国科协学会学术部,11/1/2015,中国科学技术出版社,91,94791
Apache ,82.8,Gerard,5/1/2020,东南大学出版社,2,41285
ARMST全国大学生智能设备创新大赛参赛指南及获奖作品案例实战（2016）,45.8,亿科未来,6/1/2016,水利水电出版社,40,92688
鲁棒控制中的正交化方法及其应用,35.5,赵晓东,10/1/2011,科学出版社,12,45567
基于免疫理论的智能故障检测与诊断方法,67.1,田玉玲,12/1/2015,科学出版社,25,14226
高分辨率卫星影像几何处理方法,13.8,柴登峰,8/1/2007,浙江大学出版社,48,37698
智能控制,26.8,李士勇,12/1/2011,哈尔滨工业大学出版社,27,60330
自动控制原理与应用（高职）,14.4,韩全立,8/1/2006,西安电子科技大学出版社,9,69582
知识发现与智能决策,158,张文宇,2/1/2017,科学出版社有限责任公司,74,9078
解读互联网+,26.9,余以胜,9/1/2016,华南理工大学出版社,7,60656
增强现实技术导论,24.8,基珀,8/1/2014,国防工业出版社,158,10537
新型传感器技术及应用,38.7,王亚峰,3/1/2009,中国质检出版社(原中国计量出版社),43,1203
传感器简明手册及应用电路——线性输出磁场传感器分册,17.9,,9/1/2010,西安电子科技大学出版社,28,70806
虚拟现实：商业化应用及影响 ,41.4,杨浩然,3/1/2017,清华大学出版社,55,88089
决策支持系统及其开发（第四版）（中国计算机学会学术著作丛书）,29.2,陈文伟,1/1/2014,清华大学出版社,117,14419
T-S模糊系统的稳定性分析与综合,18.6,周林娜,12/1/2012,,39,44908
过程控制,34.2,李文涛,2/1/2012,科学出版社,23,30555
智能可穿戴产业发展报告,55.2,,4/1/2015,科学出版社,42,92610
吉林省人工智能领域专利导航研究,63.7,郝屹,6/1/2019,科学技术文献出版社,4,26866
数据科学与人工智能研究,142.2,,,西南师范大学出版社,4,41889
精通以太坊（影印版）,97.9,Andreas,6/1/2019,东南大学出版社,19,71293
轻松读懂人工智能,31,李鹏,5/1/2019,中国金融出版社,10,58355
一本书读懂智能生活,31.5,蔡余杰,3/1/2017,中华工商联合出版社,62,58447
复杂非线性系统的自适应优化控制,44.8,罗艳红,6/1/2013,科学出版社,57,6961
不确定性人工智能(第2版),99.5,,,国防工业出版社,30,37680
视觉语音情感识别,77.4,詹永照,1/1/2019,科学出版社,43,63259
少儿编程思维教育读物——Scratch2创新之旅 ,13.6,李陆,5/1/2019,山东大学出版社,35,64327
关联规则技术研究,25.8,沈斌,6/1/2012,浙江大学出版社,59,32265
大型IT系统智能一体化测试,54.3,中国民生银行信息科技部,6/1/2017,电子工业出版社,65,15775
汉语语音合成——原理和技术,132.7,吕士楠,12/1/2019,科学出版社,42,60113
计算机基因学——基于家族基因的网格信任模型,22.1,王铁方,3/1/2016,知识产权出版社,15,55317
灵动游戏设计,22.4,李春青,4/1/2019,天津大学出版社,2,26337
语音处理及人机交互技术,69.5,张毅,3/1/2019,科学出版社有限责任公司,29,89168
鲁棒非线性伺服控制及应用,69.5,程国扬,12/1/2018,科学出版社,44,48510
人工智能新视野,48.9,张自力,12/1/2017,科学出版社有限责任公司,55,82554
大数据与计算智能,53.8,柴园园,6/1/2020,科学出版社,48,66817
自动控制原理,22.1,任庆昌,12/1/2011,中国建筑工业出版社,43,63364
VERICUT数控仿真培训教程(附光盘),39.6,李锋,6/1/2013,化学工业出版社,40,56925
语境论视野下的人工智能范式发展趋势研究,53.7,董佳蓉,6/1/2018,科学出版社有限责任公司,36,52304
工程控制网数据处理理论、方法与软件设计,18.9,郭际明,4/1/2012,武汉大学出版社,91,25919
无线传感器网络中的同步技术——参数估计、性能基准及协议,26.2,瑟潘汀,6/1/2012,西安交通大学出版社,54,9801
分布式虚拟现实技术,28,胡小梅,9/1/2012,上海大学出版社,26,67975
PROTEUS原理图仿真与PCB设计实例精解,39.3,周润景,1/1/2016,电子工业出版社,17,4727
传感器与自动检测（第3版）,29.6,常慧玲,11/1/2016,电子工业出版社,18,15462
计算机服装智能制造系统中的智能计算与应用,37.9,王东云,10/1/2012,中国纺织出版社,8,67278
人机交互,21.8,董士海,6/1/2004,北京大学出版社,71,26052
传感器应用技术 ,17.5,张跃东,5/1/2015,电子工业出版社,5,87445
物联网与传感器技术,35.5,范茂军,8/1/2012,机械工业出版社,102,71116
基于新型Smith预估补偿的网络控制系统,39.5,杜锋,6/1/2012,科学出版社,29,90523
控制工程基础第3版,24,孔祥东,5/1/2011,机械工业出版社,6,58192
智能建模与仿真技术--仿真工具和应用,42.7,布尔斯基,6/1/2015,国防工业出版社,26,4054
自动控制系统——工作原理.性能分析与系统调试 ,26.9,孔凡才,7/1/2011,机械工业出版社,34,93509
分批优化调度及差分进化算法,67.1,王海燕,7/1/2020,科学出版社,50,75430
人机工程与创新,31.1,武奕陈,7/1/2014,中国建筑工业出版社,27,16534
控制工程基础,20.5,曾励,5/1/2013,机械工业出版社,54,88638
智能系统原理、算法与应用（智能系统与技术丛书）,46.6,蔡自兴,9/1/2014,机械工业出版社,27,66176
交互设计中的人工情感,42.7,谷学静,7/1/2015,武汉大学出版社,28,61807
自动化技术导论,38.7,张广明,2/1/2018,科学出版社,5,12802
自动控制理论及工程应用,25.6,张聚,1/1/2015,电子工业出版社,9,65339
dsPIC33F系列数字信号控制器仿真与实践,40,江和,9/1/2014,北京航空航天大学出版社,93,86554
图像语义信息可视化交互研究 ,82.8,陆泉,7/29/2016,国家图书馆出版社,11,60825
图解电子创新制作——智能电子制作DIY（123实验）,36.3,Myke,5/1/2007,科学出版社,134,74310
人工免疫系统,69,莫宏伟,1/1/2009,科学出版社,37,92286
粒计算与数据推理,77.42,闫林,12/1/2019,科学出版社,9,58710
测控系统可靠性基础,23.7,王先培,7/1/2012,武汉大学出版社,29,88450
运行Xen：虚拟化艺术指南,70.3,Jeanna,1/1/2014,北京航空航天大学出版社,63,79192
自动化生产线调试与维护,23.4,中国就业培训技术指导中心,12/1/2010,中国劳动社会保障出版社,16,49263
无线传感器网络 ,53.7,杨双华,5/1/2015,机械工业出版社,77,35698
完全读懂AI应用最前线 ,48.1,日经BP社,8/1/2018,东方出版社,47,52217
传感器技术与系统,77.4,李川,6/1/2017,科学出版社有限责任公司,37,9089
智能水中目标识别,37.9,曾向阳,3/1/2016,国防工业出版社,71,79230
神经系统建模与控制工程,63.2,魏熙乐,6/1/2015,科学出版社,40,30118
控制工程基础（第二版）,25.8,徐立,7/1/2010,浙江大学出版社,19,49546
智能机自语境化认知模型建构——认知的语境论研究,51.3,杨小爱,1/1/2018,科学出版社有限责任公司,23,97002
自动控制原理 ,33.8,滕青芳,5/1/2015,机械工业出版社,14,40138
单片机及其智能产品安装调试,24.9,王琪,3/1/2015,中国电力出版社,6,81995
交会对接轨道控制规划,14.4,李革非,9/1/2016,国防工业出版社,15,5622
基于人工智能的行人流模拟与仿真,71.1,李军,6/1/2019,科学出版社,17,71603
传感器原理与应用（第2版）,16.8,郝芸,5/1/2013,电子工业出版社,7,30916
先进组态控制技术及应用,22.1,杨润贤,1/1/2015,化学工业出版社,13,79961
传感器应用技术与实践,18.1,刘起义,6/1/2011,国防工业出版社,26,2444
Word炫彩应用(附光盘),19.3,超级容易学电脑编委会,8/1/2007,机械工业出版社,2,32322
半转机构:构成.特性.应用,19.3,邱支振,3/1/2011,中国科学技术大学出版社,8,61776
传感器与自动检测技术（第2版）,28.4,裴蓓,6/1/2015,电子工业出版社,26,95963
传感器与检测技术实训教程(修订版),12.7,俞志根,9/1/2007,科学出版社,38,97614
自动控制原理与系统(代)(本),27.8,程丽平,7/1/2008,天津大学出版社,2,15484
传感器与检测技术,17.2,廖跃华,8/1/2009,天津大学出版社,7,100267
走进3D打印世界,24.8,付丽敏,5/1/2016,清华大学出版社,103,30071
GE智能平台自动化系统实训教程－VersaMax篇,15.6,刘艺柱,8/1/2014,天津大学出版社,43,7520
虚拟现实建模语言及其工程实践,26.9,夏侯建兵,7/18/2016,厦门大学出版社,21,36888
R语言市场研究分析,70.3,克里斯托弗N.查普曼,9/29/2016,机械工业出版社,103,71401
过程控制调节仪表,16.5,郑建光,8/1/2007,中国质检出版社(原中国计量出版社),4,79906
过程控制用功能块(FB) ,39.3,,7/1/2011,中国标准出版社,2,77357
传感器技术设计与应用,30,李田泽,5/1/2015,海洋出版社,14,14530
幸福落地,49,,,成都时代出版社,4,49882
DSP在现代测控技术中的应用,19.3,陈晓龙,10/1/2007,西安电子科技大学出版社,14,100224
虚拟现实VRP深度交互实例精解,77.4,方浩,6/1/2012,文化发展出版社,182,28913
自动控制原理,13.8,朱玉华,2/1/2010,中国石化出版社有限公司,3,33205
复杂系统的模糊变结构控制及其应用\米阳,15.8,米阳,11/1/2008,冶金工业出版社,36,15391
传感器应用技术,20,王煜东,9/1/2006,西安电子科技大学出版社,1,15160
自动控制理论,23.4,吴晓燕,7/1/2008,西安电子科技大学出版社,6,31123
传感器原理与工程应用,27.4,戴蓉,1/1/2013,电子工业出版社,12,40196
智能城市建设大数据战略研究,77,智能城市建设与大数据战略研究项目组,4/30/2019,浙江大学出版社,21,40282
过程控制系统安装(曹亚静),18.9,曹亚静,9/1/2012,化学工业出版社,9,50569
计算智能基础,17.2,罗中明,7/1/2010,哈尔滨工程大学出版社,26,11995
过程控制系统应用技术(张虎),15.1,张虎,10/1/2012,化学工业出版社,9,19391
过程检测系统的构成与联校(李飞),16.5,李飞,9/1/2012,化学工业出版社,8,86392
虚拟现实技术及应用,20,陈雅茜,9/1/2019,科学出版社有限责任公司,35,16588
过程装备测控技术--线性与非线性控制理论及应用,53.7,罗小平,11/1/2013,化学工业出版社,12,83063
自动控制理论,33.7,李素玲,8/1/2012,机械工业出版社,12,57291
姜建芳教授西门子自动化工程应用技术合集（套装共3册）,192.2,姜建芳,12/15/2018,机械工业出版社,1,62729
智能控制技术,17.2,张铭钧,4/1/2008,哈尔滨工程大学出版社,26,50935
智能仪器原理与设计,20.7,高立娥,9/1/2011,西北工业大学出版社,15,48190
自动控制原理(张岳),19.3,张岳,5/1/2014,化学工业出版社,9,95090
自动识别技术产品与应用,30,张铎,9/1/2009,武汉大学出版社,14,50362
查询意图自动分类与分析,41.4,张晓娟,11/27/2015,武汉大学出版社,12,17213
知识工作生产率层次结构理论及其应用,53.7,戴昌钧,1/1/2015,科学出版社,4,18259
秩序性群体行为的计算机模拟——以鱼群为例,61.6,郑美红,10/1/2019,科学出版社,16,76318
大数据时代的仿真系统设计--水平定向钻管道铺设优化仿真系统研究,34.5,,,中国地质大学出版社,4,48147
现代控制理论,22.1,胡健,3/1/2012,国防工业出版社,22,39559
知识系统工程（第二版）,86.9,王众托,1/1/2016,科学出版社,62,88662
传感器原理与应用,24.2,何一鸣,12/1/2012,东南大学出版社,5,41108
无线传感器监测网络信息处理技术,31,王慧斌,11/1/2010,国防工业出版社,38,39287
自动控制原理,26.2,王军,8/1/2012,机械工业出版社,23,64145
测控计算机系统工程,35.8,王宗陶,6/1/2013,国防工业出版社,4,81897
计算机的神奇魅力,24.1,,,中国商业出版社,2,75709
自动检测与传感器应用,19.7,颜全生,7/1/2006,中国劳动社会保障出版社,14,29988
传感器技术及应用(全彩),30.9,聂辉海,7/1/2012,电子工业出版社,41,24794
互模拟理论的逻辑研究,48.8,姚从军,1/1/2018,科学出版社有限责任公司,6,52708
中文印刷体文档识别技术,28.9,王科俊,8/1/2010,科学出版社,51,10907
中国科大校友文库 ,46.9,姚新,6/1/2009,中国科学技术大学出版社,12,15391
自动控制原理,33.6,谭功全,5/1/2013,北京大学出版社,19,85048
传感器技术与应用 ,22.9,金发庆,6/1/2012,机械工业出版社,49,39623
英汉事件交替动词的语义聚类特征与句法互动研究,69.5,卢军羽,12/1/2018,科学出版社,6,12683
自动控制原理,37.2,葛一楠,1/1/2016,清华大学出版社,7,19078
过程控制装置及系统设计,21.9,张早校,8/1/2010,北京大学出版社,18,66760
传感器与自动检测（第2版）,22.1,常慧玲,7/1/2012,电子工业出版社,13,83754
检测与转换技术（第3版）,22.3,常健生,6/1/2011,机械工业出版社,107,10458
中国智能交通行业发展年鉴(2016),709.4,中国智能交通协会,10/1/2017,电子工业出版社,6,73691
自动控制原理,39.3,邱德润,12/1/2012,机械工业出版社,6,42149
过程神经元网络模型及其工程应用,61.4,钟诗胜,4/1/2014,国防工业出版社,26,36733
人工智能（上）,35.5,韩力群,6/21/2019,北京邮电大学出版社有限公司,1,86746
人机工程学,26.9,刘刚田,9/1/2012,北京大学出版社,65,30270
典型过程装备控制技术,30.8,李斌,9/1/2018,科学出版社有限责任公司,6,88130
数字系统设计快速入门,25.2,科尔·克林特,10/1/2010,北京航空航天大学出版社,26,60311
自动检测技术（第二版）,22.8,梁森,1/1/2012,机械工业出版社,5,7317
过程控制工程实施教程(姜秀英),19.3,姜秀英,4/1/2010,化学工业出版社,17,99117
现代检测技术,27.2,海涛,8/1/2011,重庆大学出版社,24,69601
西门子工业自动化项目设计实践（附2张光盘）,30,陈瑞阳,5/1/2009,机械工业出版社,128,20928
商务智能与数据挖掘,27.9,张公让,8/1/2010,北京大学出版社,64,7012
R语言数据分析,54.5,盖尔盖伊·道罗齐,10/9/2016,机械工业出版社,45,52906
优势关系粗糙集：不确定性决策的理论与方法,62.4,邓维斌,6/1/2018,科学出版社,17,68364
现代与智能控制技术,34.7,杨婕,1/1/2013,天津大学出版社,12,9914
中国科大校友文库 ,60.7,何江华,1/1/2010,中国科学技术大学出版社,26,83690
CC430无线传感网络平台基础与实践（内附光盘1张）,26.8,林凡强,10/1/2012,北京航空航天大学出版社,21,93561
现代仿真器技术,60.7,王扬,12/1/2012,国防工业出版社,12,54880
传感器技术及应用,17.2,张彪,2/1/2012,北京师范大学出版社,7,17162
基于数字仿真模型的网络舆论引导理论与应用,51.3,吕德生,12/1/2017,科学出版社,24,57147
便捷服务的工具：自动识别技术 ,59,刘静,4/1/2019,水利水电出版社,1,42876
全息成像概论（英文版）,24.1,韦穗,1/1/2013,安徽大学出版社,27,43358
现代控制理论基础,26.2,王立国,5/1/2012,机械工业出版社,3,96621
Office软件高级应用实践教程,35.9,潘巧明,8/1/2012,浙江大学出版社,85,53435
视频人脸识别进展（英文版）（Advances ,71.1,张刚,12/1/2018,科学出版社,11,58765
中国典型地物波谱知识库,109,王锦地,1/1/2009,科学出版社,55,91296
智能推理及其在信念修正中的应用,67.1,栾尚敏,3/1/2018,科学出版社有限责任公司,13,26911
自动控制原理分析及应用,19.3,徐梅,,中国科学技术大学出版社,1,32819
智能家居Z-Wave入门实战,26.2,克里斯蒂安.佩雅茨,9/1/2016,电子工业出版社,88,88485
过程控制原理与系统,17.9,姜秀英,2/1/2008,天津大学出版社,8,7706
自动控制原理,13.8,蒋燕君,1/1/2008,重庆大学出版社,5,81541
遥感原理及遥感信息分析基础,33.1,刘吉平,11/1/2012,武汉大学出版社,63,11230
自动化技术综合应用(代),13.8,赵永君,1/1/2009,天津大学出版社,6,35876
海量语义数据处理——平台、技术与应用,40.7,黄智生,10/1/2012,高等教育出版社,101,29829
信息检测技术,23,鲍超,,浙江大学出版社,0,74860
虚拟现实技术及其实践教程,43.4,黄静,11/9/2016,机械工业出版社,102,4065
时空视频检索 ,19.3,任伟,5/1/2010,哈尔滨工程大学出版社,18,24564
智能空间中传感器网络节点精确定位与路径规划,33.1,韩光洁,12/1/2012,科学出版社,15,24464
无线传感器网络原理与应用,33.8,姚向华,4/1/2012,高等教育出版社,17,82016
第十二届全国敏感元件与传感器学术会议论文集,179.4,,,国防工业出版社,3,84136
过程控制工程,24.7,袁德成,5/1/2013,机械工业出版社,7,58894
传感器与检测技术（第3版）,24.9,谢志萍,10/1/2013,电子工业出版社,21,79287
Hadoop实战手册,40.7,Jonathan,3/1/2014,人民邮电出版社,172,65061
认知自动化的人机系统设计,109,赖纳·奥肯,6/1/2018,国防工业出版社,10,74626
集散系统及系统开放 ,27.6,张新薇,8/1/2008,机械工业出版社,2,12574
CC2530与无线传感器网络操作系统TinyOS应用实践（内附光盘1张）,53,李外云,8/1/2013,北京航空航天大学出版社,153,52787
人地互动智能大数据,61.6,朱定局,8/1/2019,科学出版社,4,82572
微控制器的应用,19.3,曹金玲,7/1/2012,电子工业出版社,1,88789
Fuzzy ,33.8,,1/1/2012,高等教育出版社,13,3613
商业自动化技术与应用,27.3,赵星,4/1/2017,中国轻工业出版社,7,21395
人工脑信息处理模型及其应用,51.3,杨国为,1/1/2011,科学出版社,31,25677
复杂环境非约束图像人脸分析和场景识别,38.7,刘袁缘,12/1/2019,科学出版社,10,89088
鲁棒最小二乘支持向量机研究与应用,24.1,刘京礼,6/1/2012,经济管理出版社,39,74587
传感器原理及应用,25.5,钱显毅,6/1/2010,东南大学出版社,3,81627
银发族轻松畅游移动互联网-常用APP简易图文操作手册,33.1,丁文云,7/1/2017,东北师范大学出版社,2,82646
智能控制,15.8,,,重庆大学出版社,0,51441
视感智能检测,26.9,张秀彬,10/1/2009,科学出版社,3,22816
自动检测技术(代),19.3,刘传玺,8/1/2008,天津大学出版社,1,34365
传感器检测与应用,17.9,王斌,8/1/2012,国防工业出版社,22,8992
2-D奇异系统理论,34.5,邹云,3/1/2012,科学出版社,9,52850
人工智能-源自.挑战.服务人类,55.8,陈万米,1/1/2018,上海科学普及出版社,9,66840
检测技术与系统,17.8,樊尚春,3/1/2004,北京航天航空大学出版社,1,46205
传感器原理与检测技术实践指导教程,21.3,潘雪涛,11/1/2011,国防工业出版社,8,28605
脑信息数据分析方法研究,80.9,杨孝敬,6/1/2019,科学技术文献出版社,10,94274
嵌入式微控制器固件开发与应用,60.7,工业和信息化部人才交流中心,5/1/2018,电子工业出版社,88,98696
工控组态软件及应用,36.6,何坚强,3/1/2014,北京大学出版社,34,96299
人机界面设计,19.7,张丽,6/1/2012,北京大学出版社,36,44162
嵌入式系统设计及应用,32.9,邢吉生,9/1/2011,北京大学出版社,10,12106
自动检测与转换技术,18.6,苏家健,9/1/2009,电子工业出版社,7,37322
传感器与检测技术,20.7,邓海龙,11/1/2008,中国纺织出版社,3,47899
自动检测技术(林金泉)(二版),13.6,林金泉,2/1/2008,化学工业出版社,6,35922
实用高光谱遥感图像压缩,17.2,万建伟,4/1/2012,国防工业出版社,25,71111
计算机仿真技术,37.9,,,西北工业大学出版社,1,51631
传感技术基础与技能实训(修订版),25.5,孙余凯,4/1/2012,电子工业出版社,5,31460
传感器与检测技术,20,何新洲,1/1/2009,武汉大学出版社,4,56277
过程控制工程,43.7,梁昭峰,12/1/2010,北京理工大学出版社,12,23061
智能仪器技术及工程实例设计,36.2,高云红,8/1/2015,北京航空航天大学出版社,28,16177
人类的第三只眼睛—电视四维空间“十二讲”,31.7,李利民,5/1/2015,云南大学出版社,2,52069
基于Proteus的51系列单片机设计与仿真（第3版）,47.3,陈忠平,9/1/2015,电子工业出版社,35,54370
人机工学与设计应用 ,53.4,刘秉琨,9/1/2017,化学工业出版社,15,92484
自动检测技术（第二版）,16.5,梁森,11/1/2011,机械工业出版社,2,11398
传感器原理与实训项目教程,26.8,彭学勤,9/1/2011,外语教学与研究出版社,7,12925
控制系统计算机辅助设计,25.2,蔡启仲,8/1/2009,重庆大学出版社,19,7998
计算机控制与仿真技术（第二版）,17.9,杨立,8/1/2007,水利水电出版社,8,34165
设备控制技术,22.7,周永金,3/1/2009,科学出版社,1,70705
语义Web服务及其合成方法的研究,40,,,中国地质大学出版社,4,31551
虚拟现实与交互设计,48.3,郭宇承,7/1/2015,武汉大学出版社,143,27607
组态控制实用技术,13.8,,,机械工业出版社,1,17707
藏文识别原理与应用,28.9,江荻,6/1/2012,商务印书馆,30,91339
自动控制原理,26.9,杨友良,3/1/2011,电子工业出版社,72,22181
传感器技术应用与技能训练,15.1,刘伦富,9/1/2012,机械工业出版社,7,98845
Web智能进展,40.7,钟宁,4/1/2011,高等教育出版社,26,65435
设备控制基础,11,刘皓春,11/1/2006,北京邮电大学出版社有限公司,1,69060
基于网络的设计制造及智能集成,62.1,顾寄南,8/1/2011,科学出版社,19,100994
控制系统计算机仿真（第2版）,19.7,蒋珉,5/1/2012,电子工业出版社,56,65815
鲁棒故障检测与故障估计理论及应用,44.2,魏秀琨,6/1/2012,科学出版社,42,80713
最经济智能控制系统研究及其应用,35.5,吴斌,6/1/2009,科学出版社,10,97823
传感器检测技术及应用,25.6,王晓敏,1/1/2011,北京大学出版社,7,78501
传感器与检测技术,22.6,祝诗平,8/1/2006,中国林业出版社,27,93855
过程控制系统设计,27.4,董玲娇,1/22/2018,科学出版社,6,55988
自动检测与转换技术,15,裴蓓,9/1/2008,电子工业出版社,2,94683
Fluent14.5流场分析从入门到精通,46.6,余华兵,9/1/2014,机械工业出版社,166,18913
粒计算及其不确定信息度量的理论与方法,55.2,徐久成,9/1/2013,科学出版社,59,70999
基于脑电技术的数字界面可用性评价方法研究,33.8,牛亚峰,11/1/2019,东南大学出版社,1,10438
自动控制原理,17.9,王艳华,11/1/2007,中国电力出版社,10,87237
应用计算智能：如何创造价值,65.5,亚瑟,8/1/2016,国防工业出版社,8,48444
第十二届中国智能交通年会优秀论文集（含光盘1张）,274.6,第十二届中国智能交通年会学术委员会,10/1/2017,电子工业出版社,1,51812
传感器与检测技术（第2版）,16.9,谢志萍,2/1/2009,电子工业出版社,9,10327
不确切性信息处理原理,60.7,廉师友,9/1/2009,科学出版社,17,92732
计算机控制技术,19.3,张燕红,12/1/2008,东南大学出版社,10,82493
基于语义的图像检索（英文版）,67.1,刘颖,1/1/2018,科学出版社,10,46716
计算机控制技术,27.2,严海颖,3/1/2010,西南交通大学出版社,4,82311
面向在线群体研讨的自动化辅助方法及其应用,26.2,李嘉,4/1/2012,上海交通大学出版社,4,67523
组态控制实用技术,15.8,陈志文,7/1/2012,机械工业出版社,20,61588
过程控制系统实训(姜秀英)(二版),20,姜秀英,1/1/2013,化学工业出版社,12,41195
自动检测与传感技术——项目教程,17.1,王秋菊,1/1/2012,电子工业出版社,5,15965
自动检测与转换技术,17.2,裴蓓,6/1/2010,人民邮电出版社,0,85645
机电设备控制技术,26.9,江静,6/1/2012,国防工业出版社,10,82003
设备控制基础,18.6,中等职业教育规划新教材编审委员会,4/1/2011,西北工业大学出版社,2,97390
现代检测技术（第3版）,31.7,金伟,1/1/2012,北京邮电大学出版社有限公司,51,64878
系统包含原理及其应用,39.5,陈雪波,3/1/2012,科学出版社,11,63518
检测与控制技术综合实验,14.6,修吉平,5/1/2011,机械工业出版社,4,59828
自动化系统设计与能力创新案例教程,24.8,李宇成,5/1/2012,国防工业出版社,232,68210
传感器敏感材料及器件,37.3,赵勇,7/1/2012,机械工业出版社,135,29895
自动控制原理,22.4,佟威,6/1/2013,北京大学出版社,2,38138
传感器技术及应用,18.6,李德尧,2/1/2009,科学出版社,6,60108
深度学习框架PyTorch：入门与实践,,,,,,48484
深度强化学习：学术前沿与实战应用,,,,,,88346
机器学习技术与实战 ,61.4,Hong,5/5/2018,机械工业出版社,380,23102
机器人制作从入门到精通(第3版)(爱上机器人),,,,,,28188
深度学习入门之PyTorch,,,,,,67377
Arduino创意机器人入门,,,,,,87892
情感机器,,,,,,26839
碎片与重构2：面向智能时代的学习,,,,,,12649
Python神经网络编程,,,,,,18582
用Scratch与mBlock玩转mBot智能机器人(爱上机器人),,,,,,67881
机器人操作中的力学原理,,,,,,89463
ROS机器人开发实践,,,,,,75892
机器崛起前传——自我意识与人类智慧的开端,,,,,,56440
如何思考会思考的机器,,,,,,57461
白话强化学习与PyTorch,,,,,,40124
智能小车机器人制作大全,,,,,,98052
仿人机器人原理与实战,,,,,,92779
智能机器人制作完全手册(第2版),,,,,,64846
ROS机器人程序设计,,,,,,28025
导航机器人传感器融合、异常诊断及任务规划方法,,,,,,32021
仿生机器鱼原理及应用,,,,,,28320
机器人爱好者 ,,,,,,47380
机器人爱好者 ,,,,,,49344
Arduino开发实战指南：机器人卷,,,,,,64465
面向机器智能的TensorFlow实践,,,,,,9404
机器人制作从入门到精通,,,,,,38797
深度学习精要(基于R语言),,,,,,41232
机器学习基础教程,31,罗杰斯,1/1/2014,机械工业出版社,661,79801
乐高EV3机器人搭建与编程,,,,,,72268
Creo与FTC机器人竞赛,,,,,,34152
机器人力触觉感知技术,,,,,,72135
机器人爱好者 ,,,,,,71652
工业机器人编程指令详解,,,,,,17337
机器人构建实战,,,,,,86356
机器人爱好者(第5辑),,,,,,89584
机器人爱好者 ,,,,,,33961
Arduino思维大爆炸——机器人创客综合能力实训教程,,,,,,31540
机器人创新设计——基于慧鱼创意组合模型的机器人制作（光盘内容另行下载，地址见书封底）,,,,,,66354
十二五职业教育国家规划教材·高职高专机电一体化专业规划教材：工业机器人与机械手,,,,,,49766
机器人操作系统测试技术,,,,,,72322
服务机器人：未来世界新伙伴,,,,,,11857
工业机器人操作,,,,,,56438
工业机器人实操进阶手册,,,,,,91876
工业机器人与自控系统的集成应用,,,,,,98042
工业机器人应用与编程技术,,,,,,68763
自己动手做智能机器人,,,,,,77207
PVCBOT零基础机器人制作,,,,,,8552
机器人制作轻松入门,,,,,,64499
机器人简史,,,,,,78584
ROS机器人高效编程（原书第3版）,,,,,,33549
EV3机器人之快乐搭建,,,,,,58829
机器人的天空：基于Arduino的机器人制作（光盘内容另行下载，地址见书封底）,,,,,,1443
机器人浪潮：开启人工智能的商业时代,,,,,,17981
PVCBOT零基础机器人制作(第2版),,,,,,83572
智能机器人 ,,,,,,58292
RPA智能机器人：实施方法和行业解决方案,,,,,,41415
多主体强化学习协作策略研究,,,,,,30211
新智元：机器+人类=超智能时代,,,,,,77380
深度学习：原理与应用实践,,,,,,33606
Java与乐高机器人(仅适用PC阅读),,,,,,20590
树莓派机器人蓝图权威宝典,,,,,,71289
玩机器人 ,,,,,,97805
机器人制作从入门到精通(第2版),,,,,,23362
深度学习：一起玩转TensorLayer,,,,,,80339
PVCBOT零基础机器人制作(第3版),,,,,,75476
21世纪机器人,,,,,,27087
机器人制作入门(第3版),,,,,,91627
世界机器人未来大格局,,,,,,28768
ROS机器人程序设计(原书第2版),,,,,,68258
简易机器人制作入门(创客教育),,,,,,61920
机器人＋：战略行动路线图,,,,,,25902
仿生机器人制作入门(第2版),,,,,,98904
PVCBOT超简单机器人设计与制作(第2版),,,,,,42272
混合学习环境中协作知识建构策略研究,,,,,,55856
心智社会：从细胞到人工智能，人类思维的优雅解读,,,,,,88831
Python人脸识别：从入门到工程实践,,,,,,31695
COMSOL ,,,,,,37788
奇点来临,,,,,,82487
卷积神经网络的Python实现,,,,,,70951
神经网络算法与实现——基于Java语言,,,,,,9304
用MATLAB玩转机器人,,,,,,1852
脑机穿越：脑机接口改变人类未来,,,,,,68917
AI：人工智能的本质与未来(电子书),,,,,,93616
概率图模型：基于R语言,,,,,,51045
人工智能时代,,,,,,22710
传感器原理与应用(第3版),,,,,,49462
青少年VEX ,,,,,,5318
TensorFlow技术解析与实战,,,,,,23884
传播的进化：人工智能将如何重塑人类的交流,,,,,,65958
自动化生产线安装与调试,,,,,,45871
伺服与运动控制系统设计,,,,,,56749
无人机简史,,,,,,11664
人工智能会抢哪些工作,,,,,,7085
城堡里学无人机：原理、系统与实现,,,,,,56073
Jack人因工程基础及应用实例,,,,,,51203
智能制造标准案例集,,,,,,75645
传感器原理与应用(第2版),,,,,,69045
51单片机应用开发典型范例——基于Proteus仿真(含DVD光盘1张),,,,,,81883
群体智能与仿生计算：Matlab技术实现,,,,,,65196
Learning ,,,,,,37209
VR简史 ,,,,,,88667
人工智能 ,,,,,,32589
新一代人工智能与语音识别,,,,,,13413
人工智能改变未来：工作方式、产业和社会的变革,,,,,,43560
生产系统仿真——Plant ,,,,,,9080
现场总线及工业控制网络技术,,,,,,100304
精通CFD工程仿真与案例实战：FLUENT ,,,,,,94443
人工智能的基础哲学问题探秘,,,,,,31191
VMware ,,,,,,55866
Ansible自动化运维：技术与最佳实践,,,,,,36915
智能密码钥匙：原理、技术及应用,,,,,,91633
智能家居产品 ,,,,,,73974
大数据战争：人工智能时代不能不说的事,,,,,,4935
Python ,,,,,,41586
大数据与人工智能导论,,,,,,14890
R语言预测实战,,,,,,93128
详解MATLAB ,,,,,,14919
人工智能超越人类,,,,,,91999
群体智能算法及其应用,,,,,,1538
Unity3D人工智能编程精粹,,,,,,1377
第四次革命,,,,,,38375
用Arduino全面打造物联网,,,,,,56229
科学+预见人工智能,,,,,,96757
Selenium ,,,,,,54395
RBF神经网络自适应控制MATLAB仿真(仅适用PC阅读),,,,,,83976
奇点艺术：未来艺术在科技奇点冲击下的蜕变,,,,,,12229
商业智能深入浅出——Cognos，Informatica技术与应用,,,,,,52248
传感器与自动检测(第2版),,,,,,82555
PROTEUS原理图仿真与PCB设计实例精解,,,,,,12817
Hadoop实战手册,,,,,,1367
AI与区块链智能,,,,,,82060
虚拟人,,,,,,52889
人脸识别原理及算法——动态人脸识别系统研究,,,,,,47461
阳光失了玻璃窗,,,,,,46171
Storm源码分析,,,,,,22874
龙芯自主可信计算及应用,,,,,,74214
人人都能懂的人工智能,,,,,,48761
工业控制网络(工业和信息化普通高等教育“十二五”规划教材立项项目),,,,,,82380
人人都应该知道的人工智能,,,,,,74413
人工智能的进化,,,,,,90593
虚拟现实：从梦想到现实,,,,,,16941
国家智能制造标准体系建设指南(2015年版)解读,,,,,,91404
复杂自适应系统联合仿真建模理论及应用,,,,,,20493
非线性动态系统运动分析理论及应用,,,,,,40956
计算思维——计算学科导论(双色),,,,,,71491
智能家居Z-Wave入门实战,,,,,,55184
TensorFlow自然语言处理,,,,,,41120
第一本无人驾驶技术书,,,,,,88525
计算机仿真技术与CAD——基于MATLAB的控制系统(第4版),,,,,,89184
VR+：融合与创新,,,,,,99967
传感器应用技术,,,,,,38765
Unity ,,,,,,66962
AR：场景互动神器,,,,,,30410
人工智能及其应用(仅适用PC阅读),,,,,,10715
文本上的算法——深入浅出自然语言处理,,,,,,93017
虚拟化安全解决方案,,,,,,17400
知识工程与创新,,,,,,45155
移动端机器学习实战 ,40.7,卡斯基延·NG,10/1/2019,人民邮电出版社,105,65678
IEC算法及其在多目标优化中的应用,,,,,,7147
一本书读懂智能生活,,,,,,65631
Arduino思维大爆炸——物联网创客综合能力实训教程,,,,,,55293
人体通信的建模、仿真和实现,,,,,,92546
自动控制原理(非自动化专业)(第3版),,,,,,49810
物品编码标识(仅适用PC阅读),,,,,,39126
自动控制原理(仅适用PC阅读),,,,,,3010
UG ,,,,,,54290
无线传感器网络技术与应用,,,,,,63701
人工智能：知识图谱前沿技术,,,,,,82697
人工智能,,,,,,43124
自动控制技术及应用,,,,,,57355
微控制器的应用,,,,,,4304
人工智能学院本硕博培养体系,,,,,,94449
先进PID控制MATLAB仿真（第3版）,,,,,,94115
IBM商业价值报告：认知计算与人工智能,,,,,,26975
管理视野11：人工智能虚与实,,,,,,85168
神经漫游者三部曲（全三册）(电子书),,,,,,83405
走进3D打印世界,,,,,,100708
精通QTP——自动化测试技术领航(仅适用PC阅读),,,,,,92478
乐高：实战EV3(仅适用PC阅读),,,,,,53899
科技与财富简史(套装全7册),,,,,,8408
虚拟现实：引领未来的人机交互革命,,,,,,72360
语义Web服务及其合成方法的研究(仅适用PC阅读),,,,,,56967
虚拟现实：商业化应用及影响,,,,,,6034
创客空间开源制作项目指南,,,,,,28463
人类会爱上人工智能吗？(《21世纪经济报道》深度观察),,,,,,87757
绿色技术创新效率的实证与仿真研究,,,,,,53378
EDA技术与数字系统设计,,,,,,99017
最后一个人类,,,,,,51649
和谐人机环境2012(仅适用PC阅读),,,,,,93946
移动互联网时代的智能终端安全,,,,,,9836
Mahout算法解析与案例实战(仅适用PC阅读),,,,,,18862
机器学习与R语言实战,47.6,丘祐玮,5/13/2016,机械工业出版社,187,82587
机器学习及其应用——中国计算机学会学术著作丛书.知识科学系列,33.1,,3/1/2006,清华大学出版社,29,68432
机器学习： ,785.6,Johannes,12/1/2006,湖南文艺出版社,0,28927
机器学习项目开发实战 ,40.7,Mathias,7/1/2016,人民邮电出版社,108,31829
机器学习导论（原书第2版）,40.7,Ethem,4/1/2014,机械工业出版社,908,60602
机器学习基础 ,89,梅尔亚·莫里,5/1/2019,机械工业出版社,0,31569
机器学习、智能计算与高光谱遥感影像分类应用研究,38.6,亓呈明,7/25/2018,中国财富出版社,39,76858
机器学习中的不平衡分类方法,40,康琦,1/1/2018,同济大学出版社,55,14830
机器学习与智能决策支持系统,26.3,杨善林,8/1/2004,科学出版社,4,20592
机器学习导论,26.9,阿培丁,6/1/2009,机械工业出版社,147,47316
机器学习及其应用2015,33.8,高新波,10/1/2015,清华大学出版社,64,29874
机器学习与视觉感知 ,23.7,张宝昌,6/1/2016,清华大学出版社,65,78054
机器学习：ECML2002／会议录Machine ,535.6,Tapio,12/1/2002,湖南文艺出版社,0,33164
机器学习及其应用2011（中国计算机学会学术著作丛书——知识科学系列）,35.6,周志华,11/1/2011,清华大学出版社,172,64219
中国科大校友文库 ,60.7,李凡长钱旭培,6/1/2010,中国科学技术大学出版社,36,75865
机器学习与流场数据可视化,49,张丽,6/1/2017,电子工业出版社,0,17303
机器学习及其应用2007,29.2,周志华,10/1/2007,清华大学出版社,35,55669
机器学习及其应用2013（中国计算机学会学术著作丛书——知识科学系列）,29.6,张长水,10/1/2013,清华大学出版社,114,51127
机器学习方法,35.1,蒋艳凰,8/1/2009,电子工业出版社,36,3973
机器学习及其应用Machine ,472.7,Georgios,12/1/2001,湖南文艺出版社,0,28037
机器学习方法在磷酸铝分子筛定向合成中的应用,45.8,齐妙,11/1/2013,清华大学出版社,5,74779
机器学习在量化投资中的应用研究,44.3,汤凌冰,11/1/2014,电子工业出版社,405,92018
机器学习实践指南：案例应用解析(机器学习领域经典著作！智能计算专家经验总结，以全新视角诠释机器学习的算法理论),47.6,麦好,4/1/2014,机械工业出版社,373,38446
机器学习理论、方法及应用,30,王雪松,8/1/2009,科学出版社,75,12864
机器学习理论与算法,47.4,张燕平,5/1/2012,科学出版社,119,16064
机器学习的哲学探索,26.9,赵玉鹏,1/1/2013,中央编译出版社,42,62825
机器学习实践指南：案例应用解析（第2版）,61.4,麦好,7/1/2016,机械工业出版社,259,4186
机器学习（英文版）,43.5,M.Mitchell,3/1/2003,机械工业出版社,4,3624
机器学习(英文版)经典原版书库,45.8,,,机械工业出版社,3,86658
机器学习及其应用2009（中国计算机学会学术著作丛书——知识科学系列）,28.4,周志华,9/1/2009,清华大学出版社,73,17625
实用机器学习 ,62.4,孙亮,5/1/2017,人民邮电出版社,312,48589
基于机器学习算法的分类知识发现及其在文本分析中的应用,26.9,祁瑞华,12/1/2015,清华大学出版社,24,5023
基于机器学习的遥感影像分类方法研究,45.8,刘颖,5/1/2014,清华大学出版社,17,72902
量子机器学习中数据挖掘的量子计算方法：英文,77.4,维特克,1/1/2016,哈尔滨工业大学出版社,69,45771
Scikit-Learn与TensorFlow机器学习实用指南（影印版）,67.6,Aurélien,10/1/2017,东南大学出版社,611,92213
图说图解机器学习,46.9,耿煜,7/1/2019,电子工业出版社,0,10535
Java机器学习 ,33.8,博思蒂安·卡鲁扎,8/1/2017,人民邮电出版社,161,61770
【按需印刷】-基于机器学习的物体自动理解技术 ,98,刘贞报,5/11/2017,科学出版社,0,59390
R语言实战——机器学习与数据分析,54.5,左飞,5/1/2016,电子工业出版社,196,78475
scikit-learn机器学习：常用算法原理及编程实战 ,40.7,黄永昌,2/25/2018,机械工业出版社,1195,25324
大数据挖掘与统计机器学习（大数据分析统计应用丛书）,24.1,吕晓玲,7/1/2016,中国人民大学出版社,634,96847
Python机器学习（微课视频版）,47.6,,,清华大学出版社,0,47404
自然计算、机器学习与图像理解前沿（平装）,26.9,焦李成,8/1/2008,西安电子科技大学出版社,8,29757
数据挖掘：实用机器学习工具与技术（原书第3版）,54.5,H.Witten,5/1/2014,机械工业出版社,1520,16621
Python机器学习实战案例,26.9,,,清华大学出版社,0,12873
模式识别中的机器学习与数据挖掘Machine ,714.2,Petra,12/1/2005,北京燕山出版社,0,11847
大数据挖掘与机器学习：工业4.0时代重塑商业价值,41.2,迪安,10/1/2015,人民邮电出版社,222,94208
Python ,46.9,科埃略,1/1/2016,东南大学出版社,63,75625
数据挖掘：实用机器学习技术及Java实现（英文版）——经典原版书库,27.6,新西兰,9/1/2003,机械工业出版社,115,49982
数据挖掘实用机器学习技术（原书第2版）,34.6,新西兰,7/1/2006,机械工业出版社,617,96076
数据挖掘：实用机器学习技术（英文版·第2版）——经典原版书库,40,新西兰,9/1/2005,机械工业出版社,122,32912
生物信息学--机器学习方法,33.8,皮埃尔·巴尔迪,7/1/2003,中信出版社,7,86868
小白学数据挖掘与机器学习——SPSS ,54.5,张浩彬,7/1/2018,电子工业出版社,478,38485
数据挖掘：实用机器学习工具与技术（英文版·第3版）（机器学习和数据挖掘领域的经典畅销图书，理论与实践相结合）,74.5,Witten,,机械工业出版社,253,25181
Spark ,33.8,王晓华,12/1/2015,清华大学出版社,158,34930
大数据智能——互联网时代的机器学习和自然语言处理技术,33.8,刘知远,1/1/2016,电子工业出版社,660,14742
数学之美(第二版) ,32.9,吴军,11/1/2014,人民邮电出版社,109961,74540
学习机器翻译,94.8,西里尔·古特,2/1/2016,科学出版社,13,18263
NLTK基础教程 ,33.8,Nitin,5/1/2017,人民邮电出版社,437,34383
Software ,26.9,日本技术评论社,4/1/2014,人民邮电出版社,35,48964
Scikit-Learn、Keras和TensorFlow的机器学习实用指南 ,128.3,Aurélien,6/1/2020,东南大学出版社,0,48869
程序员的数学1+2+3 ,142.8,结城浩,5/25/2016,人民邮电出版社,5487,16803
R语言实战(一本全面而细致的R指南！数据挖掘导论，叫你如何灵活运用R软件，数据可视化应用详解，机器学习的必备宝典！从大,54.5,Robert,1/1/2013,人民邮电出版社,5569,42676
Statistical ,44.8,陈洪,8/1/2017,武汉大学出版社,14,73043
智能机器人的生物模拟神经学习Biomimetic ,464.2,Stefan,12/1/2005,北京燕山出版社,0,41366
STEAM走进奇妙的科学世界（全4册：机器人、聪明的树、调皮的水、活泼的风） ,125.7,伊莎贝拉·托马斯,1/15/2019,新星出版社,9285,76685
学习机器翻译,77.4,古特,1/7/2015,科学出版社,7,23933
深度学习案例精粹 ,70.3,艾哈迈德,9/1/2019,人民邮电出版社,161,66875
深度学习实战之PaddlePaddle ,47.6,潘志宏,6/1/2019,人民邮电出版社,102,39732
量化交易学习指南 ,47.6,帕勒姆·吉特,1/1/2019,人民邮电出版社,176,9849
学乐硅谷机器人 ,1298.7,布谷学习,12/7/2019,中信出版社,28,87492
稀疏统计学习及其应用 ,70.3,特里瓦·哈斯蒂,1/1/2018,人民邮电出版社,260,20123
大英儿童百科全书漫画版31·机器人 ,25.3,美国大英百科全书公司,11/30/2018,湖南少年儿童出版社,1153,6529
机器猫哆啦A梦学习游戏丛书（共5册）,24.4,藤子·F·不二雄,12/1/2000,吉林美术出版社,0,85074
时间机器（纯英文版）——床头灯英语学习读本Ⅱ3000词读遍天下书,7.4,李正栓,5/1/2004,航空工业出版社,646,79630
碎片与重构2：面向智能时代的学习 ,43.8,王竹立,1/1/2018,电子工业出版社,375,100572
时间机器（英汉对照）——床头灯英语学习读本Ⅱ3000词读遍天下书,9.2,李正栓,5/1/2004,航空工业出版社,1064,20117
小机器人讲科学 ,38.2,格里,6/1/2014,山东科学技术出版社,1420,63983
C语言学习利器：AI-CODE坦克机器人,30.4,钟民,4/1/2007,水利水电出版社,4,16464
C#语言学习利器：AI-CODE坦克机器人,30.4,周凤英,4/1/2007,水利水电出版社,2,94038
Java语言学习利器：AI-CODE坦克机器人,33.2,赵超鸿,4/1/2007,水利水电出版社,3,26579
C++语言学习利器：AI-CODE坦克机器人,35.6,杜飞雪,4/1/2007,水利水电出版社,6,33736
儿童百问百答 ,118.5,道奇胜,11/1/2018,二十一世纪出版社,3558,58049
虹膜识别 ,54.5,田启川,7/1/2017,清华大学出版社,81,73854
机器人视觉测量与控制（第3版）,38.7,徐德,1/1/2016,国防工业出版社,340,76335
时间机器 ,5.5,,,航空工业出版社,0,16191
蛇形机器人--建模、机电设计及控制,60.7,李列巴克,11/1/2015,国防工业出版社,60,34575
机器人 ,54.5,梅隆,1/1/2008,科学普及出版社,1138,9880
奔跑吧 ,68.3,叶夫根尼·布里克曼,7/1/2018,人民邮电出版社,164,85397
机器人科技：技术变革与未来图景,54.5,日本机器人学会,1/1/2015,人民邮电出版社,492,47887
机器人STEAM创客教育第一册（项目式教学）,34.5,岳鹏,6/1/2016,中国质检出版社(原中国计量出版社),79,64754
机器人大擂台：格斗机器人实战指南 ,67.6,James,8/1/2018,人民邮电出版社,100,59562
服务机器人：未来世界新伙伴 ,46.9,向忠宏,12/1/2015,电子工业出版社,160,21845
机器人特工训练营——学生活动手册（下） ,8.2,张海兵,6/12/2017,清华大学出版社,81,15843
类别不平衡学习：理论与算法 ,40,于化龙,7/17/2017,清华大学出版社,11,30711
深度学习精要 ,33.8,Joshua,8/1/2017,人民邮电出版社,309,22816
机器智能 ,33.3,李蕾,6/1/2016,清华大学出版社,93,50212
奇点来临 ,30.6,Tony,5/1/2016,人民邮电出版社,422,94917
Python数据科学入门 ,38.7,德米特里·齐诺维耶夫,11/1/2017,人民邮电出版社,204,22041
柔性臂机器人——建模、分析与控制,26.9,吴立成,4/1/2012,高等教育出版社,129,22189
机器人学经典教程 ,54.5,Maja,5/1/2017,人民邮电出版社,216,83119
智能机器人制作完全手册 ,54.5,无线电,6/1/2017,人民邮电出版社,125,39843
小小模型师系列：奇妙机器人 ,20.53,盖比格德萨克,10/1/2010,湖北美术出版社,640,6033
基于视觉的自主机器人导航 ,41.3,Chatterjee,3/1/2014,机械工业出版社,444,77313
人工智能：知识图谱前沿技术,53.8,朱小燕,6/1/2020,电子工业出版社,0,58507
见识 ,198.7,吴军,12/1/2019,,1,12940
Machine ,55.3,Huang,8/1/2008,浙江大学出版社,0,76442
认知计算与大数据分析 ,47.6,Judith,1/1/2017,人民邮电出版社,103,33865
机构学与机器人学的几何基础与旋量代数 ,61.4,戴建生,7/1/2014,高等教育出版社,324,37442
自己动手做智能机器人 ,33.8,李卫国,9/1/2016,人民邮电出版社,70,13286
第一本无人驾驶技术书 ,40.7,刘少山,5/1/2017,电子工业出版社,1460,93150
计算机辅助翻译概论 ,77.4,王华树,5/23/2019,知识产权出版社,103,61565
裂变：秒懂人工智能的基础课 ,40.7,王天一,9/1/2019,电子工业出版社,830,84206
深入RabbitMQ ,62.4,Gavin,6/1/2018,电子工业出版社,410,1626
机器人技术及其应用(芮延年),27.4,芮延年,7/1/2008,化学工业出版社,67,61326
简易机器人制作入门 ,31,张海涛,1/1/2017,人民邮电出版社,92,36121
人工智能初学者指南 ,40.7,约翰·保罗·穆勒,8/1/2019,人民邮电出版社,102,70773
自主移动机器人导论（第2版）,46.9,R.西格沃特,6/1/2018,西安交通大学出版社,169,40690
人工智能基础教程：Python篇（青少版） ,39.3,丁亮,2/27/2019,清华大学出版社,457,12567
人工智能入门与实战 ,41.2,Donald,6/23/2018,清华大学出版社,543,54204
乐高创意机器人教程（初级 ,24.8,隋金雪,1/1/2016,清华大学出版社,425,52612
Python全栈数据工程师养成攻略（视频讲解版） ,47,张宏伦,11/1/2017,人民邮电出版社,243,100600
Python云原生：构建应对海量用户数据的高可扩展Web应用 ,61.4,Manish,7/1/2018,电子工业出版社,120,27671
探寻数据背后的逻辑：R语言数据挖掘之道 ,70.3,宋云生,7/1/2018,电子工业出版社,101,99390
机器人制作入门 ,40.7,臧海波,6/1/2017,人民邮电出版社,127,76978
人工智能重塑世界 ,48.7,陈晓华,7/1/2019,人民邮电出版社,56,74321
机器人技术及其应用,18.7,谢存禧,1/1/2012,机械工业出版社,112,57906
认知建模和脑控机器人技术,84.6,李伟,3/1/2019,科学出版社,40,23764
人工智能之Mixly趣味编程,38,秦志强,3/1/2018,电子工业出版社,150,34596
智能时代：人工智能、超级计算与网络安全 ,53.4,余来文,2/1/2018,化学工业出版社,373,51613
玩转智能机器人mBot ,59.2,邱信仁,3/1/2017,人民邮电出版社,403,79443
机器人学、机器视觉与控制——MATLAB算法基础,68.3,Peter,5/1/2016,电子工业出版社,1764,36315
传播的进化：人工智能将如何重塑人类的交流 ,33.8,牟怡,5/1/2017,清华大学出版社,527,50541
Machine ,795.5,atilde,9/1/2005,北京燕山出版社,0,8657
超级机器人大战OGS解析全书（赠光盘、海报、贴纸）,23.5,王维民,1/1/2007,人民邮电出版社,3,79951
增强学习与近似动态规划,35.6,徐昕,5/1/2010,科学出版社,102,11484
增强学习与近似动态规划 ,60.7,徐昕,7/1/2020,科学出版社,0,85046
仿造人类智能(机器人与人工智能发展)走进未知世界,6.3,董克,6/1/2004,上海交通大学出版社,12,67438
工业机器人用于机器人的中间代码,36.3,,9/1/2007,中国标准出版社,0,39105
装配机器人 ,11,,6/1/2011,中国标准出版社,4,48567
移动机器人自主控制理论与技术,48.3,沈林成,4/1/2011,科学出版社,134,39567
无心的机器,14.4,周昌乐,7/1/2000,湖南科技出版社,0,69914
科技之巅1+科技之巅2 ,128.3,麻省理工科技评论,10/1/2017,人民邮电出版社,956,53489
机器人制作入门篇,38.7,库克,7/1/2005,北京航天航空大学出版社,12,88397
机器人制作入门篇,38.7,崔维娜,3/1/2004,北京航天航空大学出版社,10,95875
剑桥五重奏：机器能思考吗,11,卡斯蒂,7/1/2006,上海科学技术出版社,44,27177
工业机器人:性能试验实施规范,11.1,,8/1/2007,凤凰出版社,0,15085
双足步行机器人制作指南,26.2,ROBO,1/1/2013,科学出版社,241,11378
机器人学和计算机视觉的集群计算,46.9,莱昂斯,1/1/2015,北京理工大学出版社,58,60501
机器人控制器与程序设计——机器人创意与制作,33.8,迈克·普瑞德科,5/1/2004,科学出版社,11,61711
树莓派机器人蓝图权威宝典 ,40.7,Richard,11/1/2016,电子工业出版社,219,36395
乐高创意机器人教程（初级 ,24.8,隋金雪,1/1/2016,清华大学出版社,330,36994
焊接机器人基本操作及应用,22.1,刘伟,6/1/2012,电子工业出版社,33,71577
非线性机器人系统控制理论,24.1,苏玉鑫,6/1/2008,科学出版社,34,75949
机器人简史 ,33.8,中国电子学会,11/1/2015,电子工业出版社,60,13573
机器设计中伺服电机及驱动器的选型,52.1,金蒙恩,5/1/2012,机械工业出版社,226,99485
开源机器人操作系统--ROS,60.7,张建伟,9/1/2012,科学出版社,129,84614
可变形模块机器人构形研究,56.9,刘金国,6/1/2013,科学出版社,4,95339
机器视觉,25.3,张广军,6/1/2005,科学出版社,14,35804
机器视觉理论及应用,37.3,赵鹏,12/1/2011,电子工业出版社,40,70118
机器人制作从入门到精通（第2版）,31,臧海波,2/1/2015,人民邮电出版社,137,99548
Raspberry ,33.8,Wolfram,3/1/2016,人民邮电出版社,267,1943
机器人学的几何基础（第2版）,39.3,斯利格,7/1/2008,清华大学出版社,66,69847
设计未来：基于物联网、机器人与基因技术的UX（全彩）,82.1,Jonathan,1/1/2016,电子工业出版社,133,1873
机器人视觉 ,419.1,Reinhard,12/1/2001,湖南文艺出版社,0,4680
Java遗传算法编程 ,33.8,Jacobson,12/1/2016,人民邮电出版社,301,69343
LabVIEW与机器人科技创新活动（配光盘）,45.8,郑剑春,,清华大学出版社,68,9253
自动控制原理学习辅导与习题解答,19.8,徐颖秦,4/1/2012,机械工业出版社,135,78463
机器人组装大全（机器人竞技系列）,17.3,,,科学出版社,0,92873
PIC机器人初学指南：用PIC微控制器搭建机器人——机器人创意与制作,25.3,约翰·埃欧文,5/1/2005,科学出版社,1,15101
自律型机器人制作,19.8,,,科学出版社,0,49282
循序渐进CMS机器控制系统,32.4,钱晓龙,1/1/2009,机械工业出版社,27,50883
移动机器人自主定位技术,33.8,王殿君,6/1/2013,机械工业出版社,78,66910
自然语言理解:一种让机器懂得人类语言的研究(第2版),31.4,姚天顺,10/1/2002,清华大学出版社,1,52073
教育机器人的风口——全球发展现状及趋势,54.5,刘德建,11/1/2016,人民邮电出版社,35,69912
教学机器人实践开发教程,22.1,饶增仁,4/1/2010,兰州大学出版社,0,92297
并联机器人,47.6,P.梅莱,6/1/2014,机械工业出版社,221,17613
仿生机器鱼原理及应用,46.6,沈艳,2/1/2017,电子工业出版社,2,84918
少自由度并联机器人机构动力学,89,刘善增,6/1/2019,科学出版社,33,86773
（仿造人类智能(机器人与人工智能发展)走进未知世界）,8.2,,12/9/2013,上海交通大学出版社,1,27479
机器人技术基础,13.8,熊有伦,8/1/1996,华中科技大学出版社,891,46319
机器生命的秘密——人工智能科普丛书,8.9,阮晓钢,10/1/2005,北京邮电大学出版社有限公司,35,24972
半监督学习,13.8,张晨光,11/1/2013,中国农业科学技术出版社,71,99649
测量机器人开发与应用,20.7,梅文胜,11/1/2011,武汉大学出版社,42,46699
工业机器人测试与评价技术 ,75.2,中国电子信息产业发展研究院,3/1/2017,人民邮电出版社,117,91570
机器人制作入门（第3版） ,33.8,臧海波,6/1/2016,人民邮电出版社,128,26419
冗余自由度机器人原理及应用,19.3,陆震,11/1/2006,机械工业出版社,110,8652
学用单片机制作机器人,30.8,王允上,6/1/2012,科学出版社,134,10767
文本作者身份识别--基于机器学习与计算语言学 ,33.8,祁瑞华,2/1/2017,清华大学出版社,18,87703
机器人无标定手眼协调,30.8,苏剑波,8/1/2010,电子工业出版社,13,23323
机器人无标定手眼协调,30.8,苏剑波,8/1/2010,电子工业出版社,54,98528
双足步行机器人DIY,21,坂本范行,9/1/2010,科学出版社,186,20841
计算机和机器人,96,,,湖北教育出版社,0,88355
轻轻松松制作机器人,26.9,崔素莲,3/1/2017,科学出版社有限责任公司,46,7975
机器精度分析与设计,14.2,桂定一,9/1/2004,机械工业出版社,0,89557
竞赛机器人设计与实践,27,郭洪红,1/1/2012,科学出版社,70,80776
多主体强化学习协作策略研究,37.9,孙若莹,8/1/2014,清华大学出版社,25,40633
机器人设计与控制,30,丹尼斯·克拉克,5/1/2004,科学出版社,13,79704
PVCBOT零基础机器人制作（第2版） ,26.9,梁玮,5/1/2015,人民邮电出版社,48,53556
(模式识别中的机器学习与数据开采)Machine ,535.2,Petra,12/1/2001,Oversea Publishing House,0,45321
并联机器人型综合的GF集理论,45.8,高峰,1/1/2011,科学出版社,12,76227
自主移动机器人导论（第2版）,40,西格沃特,5/1/2013,西安交通大学出版社,98,54650
ROS开源机器人控制基础 ,35.8,陈金宝,1/1/2016,上海交通大学出版社,30,99108
学习WCF：从原理到实践,63.2,布斯塔曼特,9/1/2008,电子工业出版社,37,58467
自主移动机器人导论,25.5,西格沃特,9/1/2006,西安交通大学出版社,55,5538
两轮自平衡机器人的研究与设计,55.3,阮晓钢,2/1/2012,科学出版社,46,34913
水下机器人,36,蒋新松,11/1/2000,辽宁科学技术出版社,27,21330
智能电子创新制作——机器人制作入门,30.8,,,科学出版社,0,25035
人工智能游戏开发,37.9,,,中国环境出版社,0,46620
智能机器人制作完全手册 ,33.8,无线电,8/1/2015,人民邮电出版社,141,47442
警用机器人,27.7,陈晓东,1/1/2008,科学出版社,3,72906
增强学习与近似动态规划,63.2,徐昕,8/29/2016,科学出版社,17,62537
室内移动式服务机器人的感知.定位与控制,59.3,徐德,6/1/2008,科学出版社,85,85655
机器人机械系统原理理论、方法和算法,37.9,安杰利斯,8/1/2004,机械工业出版社,22,6776
排爆机器人的研究与开发,33.2,富巍,1/1/2010,电子工业出版社,6,98882
控制工程基础:学习指导与习题详解,16.3,王积伟,5/1/2004,高等教育出版社,2,37422
网络学习及其适应性学习支持系统研究,38.7,张剑平,6/1/2010,科学出版社,3,94741
无线传感器网络与移动机器人控制,43.5,李文锋,1/1/2009,科学出版社,77,94432
工业机器人技术（第二版）,20.5,郭洪红,3/1/2012,西安电子科技大学出版社,278,3774
机器人创新设计与制作,20.5,李琦,10/1/2012,中国农业大学出版社,8,81945
机器人设计与实现,44.3,Gordon,1/1/2008,科学出版社,165,88984
并联机器人视觉技术及应用,23.4,孔令富,9/1/2012,机械工业出版社,139,4361
机器翻译系统机器翻译技术丛书,9.5,杨沐昀,6/1/2000,哈尔滨工业大学出版社,0,43437
未知环境中移动机器人自定位技术,30.8,于金霞,1/1/2011,电子工业出版社,76,48188
工业机器人,19.3,刘文波,12/1/2007,北京科文图书业信息技术有限公司,6,30486
基于可靠性的海洋机器人软件建模方法及仿真,17.2,王卓,4/1/2010,国防工业出版社,17,95265
大数据云计算时代数据中心经典案例赏析 ,61.4,阿尔杰,1/1/2014,人民邮电出版社,563,85590
机器人竞赛指南,16.5,森政弘,3/1/2002,科学出版社,5,13822
智能小车机器人制作大全 ,35.6,无线电,8/1/2015,人民邮电出版社,106,89873
Creo与FTC机器人竞赛（青少年科技创新丛书）,45.5,王君英,1/1/2015,清华大学出版社,54,34928
RoboCup ,696.3,Ansgar,12/1/2006,崇文书局（原湖北辞书出版社）,0,25710
智能系统：城市、信息与机器人,55.2,中国工程院,6/1/2016,高等教育出版社,0,71282
自主移动机器人行为建模与控制,41.3,Hendrik,6/1/2014,机械工业出版社,82,75150
免疫优化计算、学习与识别,61.6,焦李成,6/1/2006,科学出版社,18,67374
未知环境中移动机器人导航控制理论与方法,71.1,蔡自兴,1/1/2009,科学出版社,99,61431
混合驱动柔索并联机器人力学分析与跟踪控制技术,44.2,訾斌,10/1/2013,科学出版社,11,89738
机器人操作系统浅析,26.9,杰森,12/1/2016,国防工业出版社,71,41744
智能数据工程与自动化学习Intelligent ,1089.1,Emilio,12/1/2006,湖南文艺出版社,0,3074
现代机器人学：仿生系统的运动 ,21.3,郭巧,7/1/1999,北京理工大学出版社,1,3267
机器自动化控制器原理与应用,47.6,徐世许,10/1/2013,机械工业出版社,66,65466
智能机器人,14.4,肖南峰,1/1/2008,华南理工大学出版社,45,56407
移动机器人粒子滤波定位与地图创建,28.9,刘洞波,9/1/2016,湘潭大学出版社,9,31487
模式识别中的核自适应学习及应用,26.2,李君宝,12/1/2013,电子工业出版社,47,64525
行走的机器——六足机器人,31,Shin,7/1/2018,水利水电出版社,11,40013
多智能体机器人系统信息融合与协调,51.7,范波,4/1/2020,科学出版社,39,99923
智能科学技术著作丛书 ,59.3,,7/1/2015,科学出版社,0,59470
仿人机器人,39.5,肖南峰,3/1/2008,科学出版社,36,56850
基于一致流形学习的人脸超分辨率算法研究,31.6,江俊君,5/3/2016,科学出版社,9,58523
模拟演化和学习LNCS-4247: ,821.3,Tzai,12/1/2006,湖南文艺出版社,0,58065
关节型机器人——光机电一体化丛书,19.3,殷际英,8/1/2003,化学工业出版社,17,24654
非线性多关节机器人系统滑模控制,26.2,胡盛斌,3/1/2015,国防工业出版社,60,30711
机器知行学原理,45.8,钟义信,12/1/2014,北京邮电大学出版社有限公司,7,42948
ROS机器人程序设计(国内首本引进ROS机器人程序设计的译著，让你全面了解 ,40.7,马丁内斯,9/1/2014,机械工业出版社,672,93221
机器人制作晋级攻略,62.4,David,4/1/2013,人民邮电出版社,256,100254
双足步行机器人制作入门,26.9,浅草ギ研,4/1/2016,科学出版社有限责任公司,39,75365
体内机器人：从毫米级至纳米级,41.2,,,机械工业出版社,12,14069
机器人集锦机器人竞技系列,15,莱克,4/1/2002,科学出版社,2,89339
智能手机的微型移动学习创新设计 ,26.9,郑世珏,6/1/2015,清华大学出版社,91,93857
智能机器人力觉感知技术 ,34.3,梁桥康,1/1/2018,湖南大学出版社,5,49867
机器人学（第三版）,39,蔡自兴,1/1/2015,清华大学出版社,492,25490
机器人足球仿真,24.8,方宝富,9/1/2011,合肥工业大学出版社,37,80087
智能电子创新制作——机器人制作入门,46.6,陈继荣,8/1/2016,科学出版社,14,6757
机器人与远程机器人外科精要,45,加斯·H·巴兰泰,9/1/2006,山东科学技术出版社,3,4889
码垛机器人机械结构与控制系统设计,24.8,李金泉,7/1/2011,北京理工大学出版社,75,66846
移动机器人控制技术及其应用,22.9,蒋志坚,3/1/2013,机械工业出版社,18,10758
Java与乐高机器人（青少年科技创新丛书）,52.4,郑剑春,6/1/2014,清华大学出版社,168,52754
玩机器人 ,28.4,刘晋峰,5/1/2013,电子工业出版社,47,7675
机器人学导论：英文版·第3版经典原版书库,38.7,克拉格,5/1/2005,机械工业出版社,6,18765
工业机器人(第二版),14.9,吴振彪,2/1/2006,华中科技大学出版社,17,18717
机器人刚柔耦合动力学,62.1,尹海斌,1/15/2018,华中科技大学出版社,95,73961
双足步行机器人制作技术,17.9,解仑,4/1/2008,机械工业出版社,19,4452
机器人特工训练营——学生活动手册（中）,8.2,张海兵,6/19/2017,清华大学出版社,70,12944
中国机械工业标准汇编 ,96.6,中国标准出版社第三编辑室,7/1/2009,中国标准出版社,58,7210
仿生服务机器人与医疗康复机器人,27,刘金伟,5/1/2017,水利水电出版社,22,80118
基于机器的智能人脸识别,25.3,牟登攀,1/1/2010,高等教育出版社,8,43552
面向智能制造的多机器人系统任务分配研究,24.1,王友发,9/1/2016,江苏大学出版社,23,34622
机器人工程,15,白井良明,2/1/2001,科学出版社,32,54907
机器视觉 ,67.6,伯特霍尔德·霍恩,8/1/2014,中国青年出版社,2821,1719
空间机器人及其遥操作,46.9,刘宏,9/1/2012,哈尔滨工业大学出版社,13,47392
机器人动力学与控制,17.4,霍伟,1/1/2005,高等教育出版社,1,55233
智能移动机器人的设计、制作与应用,20.7,秦志强,5/1/2012,电子工业出版社,103,16632
20YY：机器人时代的战争,31,邹辉,4/1/2016,国防工业出版社,68,19177
可变形模块机器人构形研究,58.6,刘金国,6/1/2013,科学出版社,7,78982
免疫优化计算、学习与识别,53.7,焦李成,6/1/2006,科学出版社,3,80765
智能机器人 ,33.8,韦康博,12/1/2016,人民邮电出版社,102,97839
面向汉英机器翻译的语义块构成变换,28.9,李颖,1/1/2009,科学出版社,15,37174
机器人机构拓扑结构设计,63.2,杨廷力,5/1/2012,科学出版社,69,31331
机器人,39.5,李明,1/1/2012,上海科学技术出版社,11,92506
ROBOTC与机器人程序设计（青少年科技创新丛书）,31.6,郑剑春,4/1/2013,清华大学出版社,51,28518
有视觉机器人制作,14.2,,,科学出版社,2,94162
与机器人共舞（迄今为止超完整、极具可读性的人工智能史！）签名本 ,79.9,约翰,8/1/2016,浙江人民出版社,76,55396
仿生自组织机器人系统,60.7,孟艳,5/1/2014,北京理工大学出版社,73,29794
移动机器人技术及其应用,28.9,张毅,9/1/2007,电子工业出版社,20,9622
机器人操作,77.4,熊有伦,1/1/2002,湖北科学技术出版社,0,42999
移动机器人及室内环境 ,20,连晓峰,8/1/2010,国防工业出版社,107,96606
新版机器人技术手册,124.2,日本机器人学会,1/1/2008,科学出版社,90,96801
机器人的创意设计与实践,19.8,宗光华,2/1/2004,北京航天航空大学出版社,0,27183
机器人与软件人平行进化系统及其应用,24.8,左敏,7/1/2012,国防工业出版社,21,95248
机器人控制电子学,22.1,船仓一郎,5/1/2004,科学出版社,2,58577
智能机器系统力觉及力控制技术,15,殷跃红,4/1/2001,国防工业出版社,0,78725
少自由度并联机器人机构分析方法研究,33.1,,4/1/2017,西南交通大学出版社,11,13032
非完整机器人的原理与控制,39.5,谭跃刚,,科学出版社,33,62306
开源机器人操作系统-ROS,67.6,张建伟,11/1/2018,科学出版社有限责任公司,373,93949
嵌入式机器人学（第3版）,59.3,布劳恩,7/1/2012,西安交通大学出版社,2,31948
机器人机构自由度分析理论,63.2,赵景山,3/1/2009,科学出版社,0,63303
PVCBOT超简单机器人设计与制作,46.9,梁玮,10/1/2014,人民邮电出版社,78,35896
嵌入式机器人学——基于嵌入式系统的移动机器人设计与应用（第3版）,51.7,布劳恩,7/1/2012,西安交通大学出版社,169,75642
与机器人交朋友（实战篇）(全彩) ,34.3,赵超鸿,7/1/2015,电子工业出版社,34,83938
PVCBOT零基础机器人制作,26.9,梁玮,7/1/2013,人民邮电出版社,165,77435
机器人与工业自动化(精)——中国院士书系,44.9,蒋新松,4/1/2003,河北教育出版社,0,39122
小型机器人的基础技术与制作——挑战RoboCup小型机器人,18.8,RoboCup日本委员会,7/1/2004,科学出版社,10,14058
特种机器人——光机电一体化丛书,30,,,化学工业出版社,2,12101
工业机器人操作与应用实践教程,14,张培艳,8/1/2009,上海交通大学出版社,105,6489
移动机器人导航、控制与遥感,40,库克,10/1/2015,国防工业出版社,103,54462
仿生机器人制作入门,24.1,臧海波,8/1/2012,人民邮电出版社,254,92438
迈向机器人时代的中国选择,20.7,中国电子学会,6/1/2015,中国科学技术出版社,37,69783
机器人技术基础,17.9,孟庆鑫,9/1/2006,哈尔滨工业大学出版社,105,9703
现代机器人技术——万能机器的制造,14.2,哈里·亨德森,1/1/2008,上海科学技术文献出版社,6,22974
工业机器人（第二版）,15.7,吴振彪,2/1/2006,华中科技大学出版社,45,95719
皮革制品生产机器及设备,16.5,,,中国轻工业出版社,0,3390
机器人的几何代数模型与控制,55.3,郝矿荣,3/1/2011,科学出版社,126,83913
机器人操作系统测试技术,61.2,黄明,10/1/2015,电子工业出版社,21,80652
多主体系统中平衡反应性与社会审议：从机器人世界杯到现实世界应用,401.3,Markus,12/1/2001,湖南文艺出版社,0,86403
混合学习环境中协作知识建构策略研究,40,童慧,6/1/2017,电子工业出版社,30,37000
竞赛机器人制作技术,15.6,王志良,6/1/2007,机械工业出版社,7,23983
机器人手册,274.6,西西利亚诺,1/1/2013,机械工业出版社,251,43250
轻轻松松制作机器人,21,城井田胜仁,9/1/2010,科学出版社,176,77147
中国智能机器人产业发展研究报告2015,24.8,张新钰,12/1/2016,北京邮电大学出版社有限公司,30,43627
机器人鲁棒控制基础,12.8,申铁龙,1/1/2000,清华大学出版社,0,60239
双足步行机器人制作入门,20.6,浅草ギ,1/1/2011,科学出版社,354,9918
仿生机器人制作入门(第2版),26.9,臧海波,3/1/2014,人民邮电出版社,82,51575
机器人运动控制：仿生机器鱼多模态运动CPG控制及优化,33.1,汪明,6/1/2017,电子工业出版社,42,37575
拟人双臂机器人技术,51.4,丁希仑,1/1/2011,科学出版社,58,93322
简易机器人制作入门 ,47.6,Kathy,4/1/2016,人民邮电出版社,57,73404
机器人灵巧手：建模、规划与仿真,36.3,张玉茹,4/1/2007,机械工业出版社,2,31102
微纳机器人操控系统及其应用,124.8,福田敏男,5/3/2016,科学出版社,0,27274
多关节机器人原理和维修,40,孙汉卿,1/1/2013,国防工业出版社,84,34494
机器博弈中的数据结构与基本方法,22.5,张利群,11/1/2014,辽宁科学技术出版社,12,64357
智能机器人设计速成 ,40,田军营,3/1/2017,科学普及出版社,55,80663
机器人控制,9.5,大熊繁,3/1/2002,科学出版社,0,28176
移动机器人学科学方法——智能体行为的星化分析（国际机械工程先进技术译丛）,26.2,内姆佐夫,1/1/2010,机械工业出版社,83,25849
PVCBOT零基础机器人制作（第3版） ,45,梁玮,7/1/2016,人民邮电出版社,69,65949
本体学习的认知模型,54.5,张德海,6/1/2018,科学出版社,44,38348
机器人机构自由度分析理论,47.4,赵景山,3/1/2009,科学出版社,57,81988
智能电子创新制作－机器人制作入门,22.7,陈继荣,10/1/2007,科学出版社,252,54126
轮式自主移动机器人,46.9,曹其新,1/1/2012,上海交通大学出版社,103,79268
机器人制作从入门到精通,26.9,臧海波,2/1/2014,人民邮电出版社,69,83782
机器人编程技术：基于行为的机器人实战指南,17.4,琼斯,3/1/2006,机械工业出版社,5,2500
人工智能与机器翻译,27,杨宪泽,2/1/2006,西南交大,0,44910
机器人视觉测量与控制,30,徐德,2/1/2008,国防工业出版社,4,89815
R统计应用开发实战(详细讲解R在机器学习、数据挖掘等领域的应用，既涵盖统计学概念，又有实现代码),40.7,塔特尔,4/1/2015,机械工业出版社,33,12321
智能机器人系统建模与仿真,93.2,刘金国,8/1/2014,科学出版社,28,81388
程序化交易实战：平台、策略、方法(团购，请致电400-106-6666转6) ,51.7,冯永昌,11/1/2015,电子工业出版社,680,83798
移动机器人系统及其协调控制,22.6,程磊,3/1/2014,华中科技大学出版社,21,72123
卷积神经网络的Python实现 ,33.8,单建华,1/1/2019,人民邮电出版社,178,90303
迭代学习控制的二维模型理论及其应用,51.4,王友清,6/1/2013,科学出版社,12,52840
农业机器人（全二册）（附光盘）,48.3,近藤直,5/1/2009,中国农业大学出版社,211,92088
机器人的智能控制方法,16.6,王灏,4/1/2002,国防工业出版社,1,45118
RoboCup ,660.6,Andreas,12/1/2001,湖南文艺出版社,0,33316
长城圣火——第四届亚太大学生机器人大赛纪实与评析,9.8,陈曦,7/1/2006,机械工业出版社,0,42422
智能作战机器人,36.3,,11/1/2013,北京理工大学出版社,0,78232
技术哲学视野中的“机器人”,12.6,计海庆,9/1/2008,上海社会科学院出版社,16,75997
移动机器人系统 ,64.8,韩建达,6/1/2011,科学出版社,80,70964
移动机器人及其自主化技术,40.7,宋永端,8/1/2012,机械工业出版社,70,43119
导航机器人传感器融合、异常诊断及任务规划方法,44.8,余伶俐,12/1/2015,电子工业出版社,22,18283
智能作战机器人,46.9,,,北京理工大学出版社,0,18331
移动机器人技术基础与制作,27.4,张毅,1/1/2013,哈尔滨工业大学出版社,86,58218
智能机器人,10.4,广茂达,1/1/2003,中国社会出版社,0,60014
智能机器人制作入门,19.2,徐爱平,7/1/2001,人民邮电出版社,0,95859
智能机器人制作入门——全国中小学电脑制作活动指导丛书,12,徐爱平,7/1/2001,人民邮电出版社,0,100903
ARM嵌入式微控制器程序设计入门——在机器人控制中学习C语言,17.2,机器人实习教材研究会,9/1/2012,科学出版社,158,70937
迪士尼宝宝自己读 ,11.8,迪士尼公司,7/1/2016,人民邮电出版社,105,72403
（新）3000词床头灯英语学习读本(纯英文版)（14） ,14.7,H·G·韦尔斯,5/1/2004,航空工业出版社,187,3927
科技发展五十年·认识智能机器人 ,17.1,赵海春,4/1/2013,安徽美术出版社,12,36172
预测控制（第2版）,53.7,席裕庚,4/1/2014,国防工业出版社,349,16368
反馈控制系统（第5版） ,73.5,Charles,2/1/2017,清华大学出版社,55,7216
3000词床头灯英语学习读本II：时间机器（美音 ,11.3,,,,1,95823
直觉模糊集决策与对策分析方法,60.7,李登峰,11/1/2012,国防工业出版社,104,54870
硬战：人工智能时代的爆款产品 ,54.3,邹大湿,11/1/2018,电子工业出版社,207,87175
智能家居产品 ,38.7,邢袖迪,10/1/2015,人民邮电出版社,357,42065
儿童百问百答6 ,16.6,道奇胜文图,7/1/2013,２１世纪出版社,10513,90111
儿童百问百答 ,23.7,道奇胜文图,9/1/2018,２１世纪出版社,444,22157
虚拟现实：从梦想到现实,40,淘VR,3/1/2017,电子工业出版社,53,46522
3D打印技术指南 ,46.6,Joan,6/1/2016,人民邮电出版社,285,88153
神奇的机器系列（全10册）精装盒装 ,94.8,托尼·米顿,10/1/2013,２１世纪出版社,180,48062
机器人Python极客编程入门与实战 ,40.7,Python极客团队,9/1/2017,电子工业出版社,377,87044
少儿编程思维教育读物——Scratch2创新之旅 ,13.6,李陆,5/1/2019,山东大学出版社,37,17956
Ansible自动化运维：技术与最佳实践,47.6,陈金窗,5/6/2016,机械工业出版社,570,9970
复杂系统基于Agent的建模与仿真,31.7,廖守亿,2/1/2015,国防工业出版社,172,15383
信息技术教学参考书(小学版 ,6.3,周美端,4/1/2006,清华大学出版社,7,53330
VR简史 ,26.9,刘丹,9/1/2016,人民邮电出版社,230,53491
Hadoop高级编程——构建与实现大数据解决方案 ,41.2,卢博林斯凯,7/1/2014,清华大学出版社,380,85392
外围接口控制用微机入门：Robobooks机器人竞技系列,23.7,中尾真治,9/1/2003,科学出版社,7,45123
自动化生产线安装与调试(实用角度出发，“工学结合”的形式学习，直观实用通俗易懂。),13.6,梁倍源,6/1/2013,电子工业出版社,6,66662
群体智能优化算法及其应用,66.2,孙家泽,1/1/2018,科学出版社,120,52279
非线性动态系统运动分析理论及应用,26.9,曹少中,1/1/2017,电子工业出版社,37,34067
大数据时代的科研活动,49.6,CODATA中国全国委员会,3/1/2018,科学出版社,65,53440
认知网络中的人工智能,33.1,李屹,7/1/2014,北京邮电大学出版社有限公司,12,86579
自动指纹识别系统关键技术,25.2,刘宁,7/1/2016,吉林大学出版社,126,95467
基于混沌蚂蚁的群集协同求解算法及应用,17.2,葛方振,1/1/2014,中国科学技术大学出版社,29,74989
仿生人工智能,75.2,达里奥·弗罗来若,3/1/2017,国防工业出版社,98,36369
数据采集与处理技术（第3版）下册,17.9,马明建,7/1/2012,西安交通大学出版社,104,74029
自动生产线组装、调试与程序设计(张春芝),46,张春芝,9/1/2011,化学工业出版社,198,27135
IEEE802.15.4系统无线传感器,37.9,Chiara,6/1/2012,科学出版社,20,69784
绿色技术创新效率的实证与仿真研究,56.2,王志平,3/1/2015,社会科学文献出版社,8,18709
广义人工智能,34.3,涂序彦,8/1/2012,国防工业出版社,13,17316
过程控制仪表(张红翠),11,张红翠,9/1/2008,化学工业出版社,21,40224
工业机器人入门实用教程（汇川机器人）,26.2,张明文,3/1/2020,哈尔滨工业大学出版社,0,26414
传感器实战全攻略 ,68.3,Tero,6/1/2016,人民邮电出版社,869,74002
用MATLAB玩转机器人 ,26.2,戴凤智,3/1/2017,化学工业出版社,358,85761
神经网络与机器人科研项目申请与实践,27.4,张雨浓,1/1/2012,电子工业出版社,33,27773
机器人控制系统的设计与MATLAB仿真（配光盘）,56.2,刘金琨,9/1/2010,清华大学出版社,835,95227
有用的机器（新标准中小学分级英语读物）（适合小学中、低年级）,2.6,彼得斯,11/1/2002,外语教学与研究出版社,4,24854
基于人工神经网络的机器翻译,19.8,许罗迈,6/1/2007,科学出版社,15,3352
机构性能指标理论与仿真,41.4,郭希娟,10/1/2010,科学出版社,19,29986
智能卡研发技术与工程实践,26.9,求是科技,11/1/2003,人民邮电出版社,1,13194
虚拟设计系统,6.2,王培俊,3/1/2012,西南交通大学出版社,44,67544
未来制造：人工智能与工业互联网驱动的制造范式革命 ,46.9,杨青峰,7/1/2018,电子工业出版社,109,67717
生物医学传感技术 ,60.7,印纽斯基Iniewski,11/1/2014,机械工业出版社,123,53904
图解传感器与仪表应用（第2版）,22.7,李方园,3/1/2013,机械工业出版社,53,62994
显示控制群控制原理,24.8,王苏滨,8/1/2012,国防工业出版社,8,57825
微控制器USB的技术及应用入门,46.9,工业和信息化部人才交流中心,7/1/2018,电子工业出版社,132,87847
预测控制,20,钱积新,11/1/2007,化学工业出版社,223,90224
智能虚拟环境中的人工情感研究,37.8,石琳,10/28/2015,武汉大学出版社,26,93087
模糊控制·神经控制和智能控制论,28.9,李士勇,9/1/1998,哈尔滨工业大学出版社,271,37650
基于约束的关联规则挖掘,10.4,陶再平,3/1/2012,浙江工商大学出版社,92,78898
心智社会：从细胞到人工智能，人类思维的优雅解读 ,68.3,马文,12/10/2016,机械工业出版社,2845,15772
阳光失了玻璃窗 ,34.4,最文艺的人工智能诗人,5/1/2017,北京联合出版有限公司,726,62352
AI传奇 ,40.7,陈宗周,2/1/2018,机械工业出版社,288,74994
高光谱遥感及其应用,24.9,浦瑞良,4/1/2003,高等教育出版社,43,43243
计算机辅助建模技术（影印版）,37.9,Lanka,5/1/2011,科学出版社,7,96478
自然与人工系统中的适应-理论分析及其在生物、控制和人工智能中的应用,22.7,张江,9/1/2008,高等教育出版社,140,2649
人工智能技术简明教程,17.2,廉师友,4/1/2011,人民邮电出版社,11,52702
藏文拼写形式语言及其自动机研究和应用,67.6,尼玛扎西,12/1/2016,科学出版社有限责任公司,7,52747
传感检测技术(代),17.2,王淼,1/1/2009,天津大学出版社,10,17258
过程控制系统,26.2,牛培峰,6/1/2011,电子工业出版社,35,9988
自动控制原理及应用,17.9,何兵,8/1/2008,西南交大,7,41563
可拓策略生成系统,22.1,李立希,,科学出版社,16,68701
多分类器系统 ,392.8,Fabio,12/1/2002,湖南文艺出版社,0,16239
传感器技术－信息化武器装备的神经元,25.3,范茂军,7/1/2008,国防工业出版社,17,63617
控制系统的智能设计,27.7,,3/1/2003,机械工业出版社,0,13894
多粒度语言计算及其在模糊决策中的应用,38.6,蔡玫,3/1/2020,科学出版社,10,51139
无线传感器网络中间件技术,43.5,王汝传,6/1/2011,科学出版社,76,98048
过程控制系统实训,17.2,姜秀英,9/1/2007,化学工业出版社,4,68247
分布式控制技术及其应用,34.5,程武山,8/1/2008,科学出版社,26,39638
综合控制系统(乐建波),8.7,乐建波,7/1/2007,化学工业出版社,7,39176
数据驱动的工业过程故障诊断技术:基于主元分析与偏最小二乘的方法,49,周东华,1/1/2011,科学出版社,89,94377
金融系统鲁棒优化:模型与应用,14.2,高莹,6/1/2008,经济科学出版社,1,66448
知识操作系统与人工智能,63.2,,,北京燕山出版社,0,98219
工业自动化系统与集成开放系统应用集成框架第3部分：基于IEC61158的控制系统的参考描述,90.1,,6/1/2007,中国标准出版社,2,29754
工业自动化系统与集成 ,21.3,,11/1/2010,中国标准出版社,0,14476
控制中心的人类工效学设计 ,22.7,,7/1/2011,凤凰出版社,7,37580
容栅数显标尺,12.6,,3/1/2009,中国标准出版社,0,50715
静力单轴试验机用计算机数据采集系统的评定（GBT22066-2008）,12.6,,10/1/2008,中国标准出版社,0,78566
灰色控制系统第二版,17.4,,,华中科技大学出版社,10,54638
模糊控制装置和系统性能评定方法GBT ,14.4,,10/1/2008,凤凰出版社,2,93724
商品条码 ,11.1,,11/1/2008,凤凰出版社,0,91056
工业自动化系统与集成 ,93.8,,7/1/2011,中国标准出版社,3,2294
中华人民共和国国家标准：人-系统交互工效学 ,22.1,,,凤凰出版社,0,68683
硅压阻式动态压力传感器,16.5,,1/1/2012,中国标准出版社,0,48157
使用视觉显示终端(VDTs)办公的人类工效学要求 ,30.8,,8/1/2009,中国标准出版社,0,71143
组合互感器 ,15.8,,9/1/2007,中国标准出版社,0,27365
工业自动化系统与集成 ,28.4,,1/1/2009,凤凰出版社,1,13134
工业自动化系统与集成 ,19,,11/1/2008,北京科文图书业信息技术有限公司,0,2328
无穷维线性系统控制理论,77.4,郭宝珠,1/1/2012,科学出版社,36,39773
模糊控制装置和系统性能评定方法,14.2,,10/1/2008,,0,64200
面向智能体的知识工程,31.6,程显毅,9/1/2008,科学出版社,39,2164
面向智能体的知识工程,31.6,程显毅,9/1/2008,科学出版社,8,48358
智能型检测仪表及控制装置,9.9,,,中国文史出版社,0,59469
遥感影像平面图制作规范（GBT15968-2008）,12.6,,9/1/2008,中国标准出版社,6,39648
互感器试验导则 ,15.8,,1/1/2009,中国标准出版社,0,65901
过程控制系统用模拟信号 ,7.9,,10/1/2008,,0,12527
导电塑料位移传感器原理与制造工艺研究,45.8,愈志根,6/1/2011,电子工业出版社,8,2759
自动化技术入门与应用实例系列书 ,18.7,程周,4/1/2009,中国电力出版社,87,72146
自动控制原理,23.5,巨林仓,8/1/2007,中国电力出版社,0,18663
商品条码 ,12.6,,11/1/2008,中国标准出版社,0,41073
人工智能教程,24.1,张仰森,3/1/2008,高等教育出版社,22,63791
人类工效学 ,14.2,,7/1/2009,中国标准出版社,0,21159
现代控制理论基础,40,周凤岐,10/1/2011,西北工业大学出版社,115,14766
自动线与工业机械手技术(代),13.1,王建明,1/1/2009,天津大学出版社,147,53457
神经信息处理Neural ,932.3,,12/1/2006,,0,18635
DLT575.1-575.12-1999控制中心人机工程设计导则,41.9,中华人民共和国国家经济贸易委员会,8/1/2000,吉林长白山,8,19695
过程辨识技术,16.5,叶建华,7/1/2007,上海大学出版社,21,78870
人-系统交互人类工效学 ,49.6,,7/1/2009,中国标准出版社,3,27379
系统仿真技术及其应用（第16卷）,128.3,陈宗海,8/1/2015,中国科学技术大学出版社,2,47532
工业控制计算机系统 ,16.5,,12/1/2011,中国标准出版社,4,9427
结构信息与通信复杂性：SIROCCO ,464.2,Paola,12/1/2006,崇文书局（原湖北辞书出版社）,0,44761
智能控制论,27.6,涂序彦,10/1/2010,科学出版社,83,33519
次协调逻辑与人工智能,24.8,桂起权,7/1/2002,接力出版社,0,84958
人工智能辞典,24,蔡自兴,5/1/2008,化学工业出版社,5,58412
景象匹配与目标识别技术,28.9,李言俊,8/1/2009,西北工业大学出版社,119,96492
活体指纹图像应用程序接口规范 ,11,,6/1/2010,中国标准出版社,2,72775
工业控制计算机系统 ,14.4,,12/1/2011,中国标准出版社,2,52882
2006年人工智能国际会议论文集：50年成就、未来发展方向和社会影响（英文版）（附光盘一张）,158,钟义信,8/1/2006,北京邮电大学出版社有限公司,0,69732
智能优化的探索-开发权衡理论与方法,39.5,陈杰,6/1/2013,科学出版社,36,30660
工业控制计算机系统 ,16.5,,12/1/2011,中国标准出版社,0,66325
可转移信度模型,31.4,陈国青,10/1/2005,高等教育出版社,1,52330
系统实时仿真开发环境与应用,36.3,杨涤,10/1/2002,清华大学出版社,0,42289
工业控制计算机系统 ,11,,12/1/2011,中国标准出版社,1,75238
工业控制计算机系统 ,11,,12/1/2011,中国标准出版社,2,48665
工业控制计算机系统 ,16.5,,12/1/2011,中国标准出版社,4,71427
面向不确定性决策的杂合粗糙集方法及其应用,30,菅利荣,3/1/2008,科学出版社,66,67817
智能无线传感器网络原理与应用,29.2,吴成东,8/1/2017,科学出版社,25,13869
自动推理Automated ,695.9,Rajeev,12/1/2001,湖南文艺出版社,0,79292
指纹数据代码 ,9.6,,6/1/2010,中国标准出版社,0,31944
工业控制计算机系统 ,11,,11/1/2011,中国标准出版社,1,73818
指纹数据代码 ,7.9,,,,0,16460
云模型与文本挖掘,33.1,代劲,2/1/2013,人民邮电出版社,34,92205
工业控制计算机系统 ,11,,11/1/2011,中国标准出版社,3,68439
精通CFD工程仿真与案例实战——FLUENT ,60.7,李鹏飞,10/1/2011,人民邮电出版社,1646,62913
神经-模糊和软计算,31.6,张智星,6/1/2000,西安交通大学出版社,0,79814
计算机控制技术（第2版）,23.3,王建华,11/1/2009,高等教育出版社,4,48817
高级人工智能（第三版）,86.2,史忠植,2/1/2016,科学出版社,27,10187
基于Verilog ,22.1,解本巨,5/1/2013,清华大学出版社,19,73273
知识发现与智能决策,79,张文宇,1/1/2015,科学出版社,0,96076
Web ,571.3,Ning,12/1/2001,湖南文艺出版社,0,93137
传感器设计与应用实例,27,刘少强,1/1/2008,中国电力出版社,16,48352
模糊控制理论与应用技术,13.4,汤兵勇,9/1/2002,清华大学出版社,0,41328
自动推理Automated ,678.5,Ulrich,12/1/2006,崇文书局（原湖北辞书出版社）,0,77827
商品条码储运包装商品编码与条码表示 ,12.4,,11/1/2008,凤凰出版社,2,91545
无线传感器及元器件：网络、设计与应用,20,Halit,1/1/2008,机械工业出版社,56,11665
智能结构分析的新理论新方法,62.1,秦荣,3/1/2014,科学出版社,16,90357
计算机控制技术,9.6,,,西安电子科技大学出版社,2,89199
计算机控制系统（第二版配光盘）,28.2,李元春,1/1/2009,高等教育出版社,1,20203
过程控制系统及仪表（第二版）,19.8,李亚芬,8/1/2006,大连理工大学出版社,2,22199
人工智能,18.8,,,重庆大学出版社,0,72624
无线传感器网络原理与应用,16.5,李善仓,3/1/2008,机械工业出版社,14,23887
智能电器与MicroLogix控制器,25.3,钱晓龙,8/1/2005,机械工业出版社,0,50508
自动控制原理习题解答及仿真实验,27.7,李国勇,9/1/2012,电子工业出版社,55,15477
实用语义网：RDFS与OWL高效建模(英文版),46.6,阿利芒,2/1/2009,人民邮电出版社,16,23152
智能模式识别方法,18.8,,1/1/2006,华南理工大学出版社,31,89136
算法统治世界——智能经济的隐形秩序 ,47.6,徐恪,11/20/2017,清华大学出版社,334,19092
人工智能:AutoLISP:认知与实践:CAD汉字谐和技术:CQF软件包揭密,23.2,陈启发,5/1/2004,中国电力出版社,0,45128
编程、人工智能与推理用逻辑Logic ,642.7,Miki,12/1/2006,湖南文艺出版社,0,73696
微型计算机控制技术,15.8,曾庆波,5/1/2007,,1,59348
中国科协学会 ,24,中国科学技术协会,4/1/2010,中国科学技术出版社,1,61581
工业控制计算机系统 ,11,,11/1/2011,中国标准出版社,2,53249
三维扫描人体测量方法的一般要求,14.4,,8/1/2009,,17,21099
智能粒子群优化计算——控制方法、协同策略及优化应用,67.6,介婧,9/1/2019,科学出版社,52,47650
监测系统中智能信息处理技术,27.4,于重重,12/1/2013,机械工业出版社,229,1642
人工智能基础,25.7,高济,8/1/2002,高等教育出版社,0,9032
过程控制系统与装置,22.1,,7/1/2003,重庆大学出版社,1,65763
工程控制论(上册)(第三版),118.5,钱学森,2/1/2011,科学出版社,392,46469
自动控制原理(第二版),31,田玉平田玉平,1/1/2011,科学出版社,158,43874
过程自动化及仪表（第二版）（非自动化专业适用）,22.1,俞金寿,7/1/2007,化学工业出版社,91,61321
计算智能技术及其工程应用,26.9,于繁华,6/1/2010,科学出版社,23,94276
自动检测技术（第2版）,12.9,解太林,12/1/2009,高等教育出版社,1,24637
传感器与检测技术基础,16.5,吴松林,8/1/2009,北京理工大学出版社,7,26058
神经模糊控制理论及应用,31.4,李国勇,1/1/2009,电子工业出版社,26,78582
图的控制理论,30.8,徐保根,6/1/2008,科学出版社,11,70350
高光谱影像分析与应用,54.5,余旭初,5/1/2013,科学出版社,60,82997
最优控制理论基础,15,吕显瑞,7/1/2008,科学出版社,64,25622
自动控制原理（非自动化专业）（第3版）,27.2,秦肖臻,12/1/2014,电子工业出版社,16,53256
水下运载器操纵控制及模拟仿真技术,22,马骋,12/1/2009,国防工业出版社,21,66757
神经计算科学：在细胞的水平上模拟脑功能——人工智能之路,37.9,阮晓钢,5/1/2006,国防工业出版社,24,69867
计算机控制技术,26.2,刘庆丰,8/22/2014,科学出版社,12,13981
控制系统数字仿真,18.8,徐家蓓,7/1/2004,北京理工大学出版社,0,81098
控制系统分析与设计方法,17.2,史忠科,,西北工业大学出版社,6,66681
非线性系统主动补偿控制及其应用,18.7,魏伟,7/1/2012,冶金工业出版社,24,15819
图解传感器技术及应用电路,22.3,陈圣林,8/1/2009,中国电力出版社,107,39314
传感器及其应用手册,45.8,孙宝元,4/1/2004,机械工业出版社,0,89186
传感器与检测技术,19.3,俞志根,3/1/2011,科学出版社,1,18995
传感器与检测技术（第3版）,27.7,徐科军,9/1/2011,电子工业出版社,414,11176
满意PID控制设计理论与方法,30,马建伟,8/1/2007,科学出版社,3,92200
ＭＡＴＬＡＢ语言－－演算纸式的科学工程计算语言,17.6,,,中国科学技术大学出版社,0,44027
高分辨率卫星影像处理指南,45.8,关元秀,10/1/2008,科学出版社,65,34866
智能动画的现代方法：理论和实践,75.9,庄越挺,4/1/2008,浙江大学出版社,5,26749
人机工程学,31.4,王龙,1/1/2011,湖南大学出版社,24,89210
神经信息处理LNCS-4233: ,964.1,Irwin,12/1/2006,湖南文艺出版社,0,79498
过程装备控制技术及应用（第二版）,20,王毅,7/1/2007,化学工业出版社,219,3895
多传感器数据融合手册,63.2,霍尔,5/1/2008,电子工业出版社,114,80646
小波分析及其在数字图像处理中的应用,26.9,朱希安,6/1/2012,电子工业出版社,35,41546
过程控制（英文版）,78.2,乙韦恩,1/1/2008,世界图书出版公司,9,36979
工业控制计算机系统 ,11,,11/1/2011,中国标准出版社,0,22345
仿生电子制作DIY图解电子创新制作丛书,21.8,Newton,4/1/2007,科学出版社,85,92624
分散控制系统性能测试技术,53.7,王琦,8/1/2010,科学出版社,42,24586
控制工程基础,15.1,王得胜,6/1/2009,北京邮电大学出版社有限公司,4,72987
工业控制计算机典型应用系统编程实践(含DVD光盘1张),36.5,李江全,1/1/2012,电子工业出版社,93,14437
人工智能原理与技术,13.5,,1/1/2001,浙江大学出版社,0,38658
无线传感器及执行器网络,53.8,郎为民,2/1/2012,机械工业出版社,37,92466
基于正常模型的人工免疫系统及其应用（中国计算机学会学术著作丛书）,47.4,龚涛,5/1/2011,清华大学出版社,23,59079
具L2有界不确定性系统线性二次鲁棒最优控制(LQL方法),20.4,,12/1/2003,科学出版社,0,7354
柔性外骨骼人机智能系统,36.3,张佳帆,1/1/2011,科学出版社,60,16452
基于仿真的设计与评估,69.5,李妮,3/1/2014,科学出版社,14,99713
系统仿真技术与应用,28.5,薛定宇,,清华大学出版社,0,55295
人工智能：英文,35.6,尼尔松,9/1/1999,机械工业出版社,0,26678
最新传感器选用手册,27.7,卿太全,8/1/2009,中国电力出版社,28,11000
非线性系统 ,54.5,萨斯特,5/1/2007,世界图书出版公司,77,65454
群体智能与多Agent系统交叉结合——理论、方法与应用,59.3,唐贤伦,3/1/2016,科学出版社,41,87209
传感器及压电器件——信息装备的特种元件（现代电子信息技术丛书）,21,徐泽善,9/1/1999,国防工业出版社,0,27841
中国科协学科发展研究系列报告--2010-2011控制科学与工程学科发展报告,35.3,中国科学技术协会,4/1/2011,中国科学技术出版社,8,44744
智能结构动力学与控制,77.4,毛剑琴,6/1/2013,科学出版社,14,7335
连续与离散控制系统,42.7,王春民,2/1/2008,科学出版社,13,4857
打开世界的遥控器：解密顺序控制,22.1,井出万盛,8/1/2011,科学出版社,167,81880
无线传感器网络理论与技术应用,27.4,谭励,7/1/2011,机械工业出版社,15,86574
传感器技术及其应用实例（注重理论性和系统性的同时，又突出了解决实际问题的实用性，针对每一类传感器给出了具体的应用实例。,27.5,王卫兵,5/1/2013,机械工业出版社,21,29848
现代控制理论（第3版）,16.6,于长官,8/1/2005,哈尔滨工业大学出版社,3,34076
监测监控信息融合技术,26.9,于洪珍,,清华大学出版社,34,14446
数控机床编程与应用(刘德平),19,刘德平,8/1/2007,化学工业出版社,0,65646
次协调逻辑与人工智能,26.1,桂起权,7/1/2002,武汉大学出版社,3,79878
自动控制系统（第8版)(翻译版）,37.8,库沃,7/1/2004,高等教育出版社,29,60532
控制工程基础（王积伟等主编）,20.7,,,高等教育出版社,1,71887
模式分析的核方法（英文版）——经典原版书库,46.6,肖一泰勒,1/1/2005,机械工业出版社,0,25552
基于视觉的网络远程控制系统,31.4,丛爽,1/1/2013,清华大学出版社,28,49725
传感器实用技术,17.9,王建,6/1/2012,机械工业出版社,21,17981
自然语言生成系统的建造,26.2,雷特,9/1/2010,北京大学出版社,39,82215
动力学系统建模与仿真,33.1,黎明安,3/1/2012,国防工业出版社,157,41280
现代鲁棒控制(第二版),41.4,吴敏,1/1/2008,中南大学出版社有限责任公司,131,55880
自组织系统：IWSOS ,401.7,Hermann,12/1/2006,崇文书局（原湖北辞书出版社）,0,5159
测控系统与集成技术,19.3,王先培,3/1/2012,华中科技大学出版社,16,62846
传感器与检测技术,30.8,胡向东,2/1/2009,机械工业出版社,14,55076
人工智能及其应用,15.8,佘玉梅,4/1/2007,上海交通大学出版社,8,47254
极化散射与SAR遥感信息理论与方法,71.1,金亚秋,11/1/2008,科学出版社,7,83839
过程控制装置,30.4,张永德,,化学工业出版社,0,24601
广义线性系统分析与设计,63.2,段广仁,6/1/2012,科学出版社,18,35380
物联天下 ,26.9,蒋亚东,2/1/2017,科学出版社,16,29796
现场总线技术在智能断路器系统设计中的应用,30.8,戴瑜兴,3/1/2010,清华大学出版社,23,11670
微型计算机控制技术,19,,,清华大学出版社,5,27748
传感器与检测技术,18.6,周乐挺,12/1/2005,高等教育出版社,0,9356
新型传感器及传感器检测新技术,25.3,张功铭,10/1/2006,中国质检出版社(原中国计量出版社),0,26000
传感器网络覆盖定位模糊信息处理方法,28.4,曹文明,6/1/2010,电子工业出版社,3,33196
模式识别技术及其应用,77.4,杨帮华,12/1/2018,科学出版社,26,83394
Mahout实战,54.5,Sean,3/1/2014,人民邮电出版社,573,88718
人工智能原理.,11.9,石纯一,10/1/1993,清华大学出版社,1,36442
敏感材料与传感器,43.5,蔡丽朋,11/15/2004,化学工业出版社,0,62349
流控制传输协议SCTP参考指南（附光盘）,39.2,RandallR.Stewart,,,0,38469
高级光纤传感技术,37.9,江毅,2/1/2009,科学出版社,27,29928
智能信息处理技术,36,王耀南,8/1/2003,高等教育出版社,1,83673
自动测试概论,40,肖明清,8/1/2012,国防工业出版社,26,81925
计算机控制技术（第3版）,26.2,顾德英,6/1/2012,北京邮电大学出版社有限公司,87,20658
工业控制计算机系统 ,11,,12/1/2011,中国标准出版社,4,66699
智能控制技术概论,24.8,宁胜利,6/1/2008,国防工业出版社,4,23155
传感器原理及应用（项目式教学） ,22.1,于彤,4/1/2012,机械工业出版社,39,33482
时延网络系统与非完整系统的分析镇定与综合,41.4,袁付顺,3/1/2014,科学出版社,10,84515
转型中的企业云服务,53.8,李连,1/1/2012,国防工业出版社,66,28551
人工智能及其应用,31.6,尚福华,5/1/2005,石油工业出版社,0,43638
传感器原理与应用课程设计指南,17.1,何金田,1/1/2009,哈尔滨工业大学出版社,8,48955
决策支持系统与智能系统 ,69.5,特班,2/1/2009,机械工业出版社,182,40099
不确定系统的滑模控制理论及应用研究,11.9,瞿少成,6/1/2008,华中师范大学出版社,21,96907
说话人识别模型与方法（中国计算机学会学术著作丛书）,41.9,吴朝晖,3/1/2009,清华大学出版社,74,1102
现代检测技术,20.5,张宏建,9/1/2007,化学工业出版社,35,43079
微纳机电生物传感器,34.3,尼库,7/1/2015,机械工业出版社,58,54776
张嗣瀛院士文集--庆祝张嗣瀛院士八十华诞(精),69,张嗣瀛,6/1/2005,东北大学出版社有限公司,0,73281
人工智能（上）,14.4,陆汝钤,2/1/2002,科学出版社,0,96957
创新计算的旋转动力学理论,12,文贵华,1/1/2005,国防工业出版社,0,82458
传感器应用易读通,10.3,周云水,8/1/2007,中国电力出版社,0,11417
人工智能医学 ,517.3,Silvana,12/1/2001,湖南文艺出版社,0,80485
条码阅读设备技术规范与应用指南,20,中国物品编码中心,10/1/2004,机械工业出版社,1,19106
语义网：研究与应用 ,714.2,York,12/1/2006,崇文书局（原湖北辞书出版社）,0,99801
传感器信息处理及应用,71.1,王祁,1/1/2012,科学出版社,22,96326
人工智能课程研究,18.6,张剑平,6/1/2009,人民教育出版社,0,19416
粗糙集汇刊 ,571.3,,12/1/2006,崇文书局（原湖北辞书出版社）,0,76621
基于知识的智能信息与工程系统： ,1035.5,Bogdan,12/1/2006,湖南文艺出版社,0,19115
专家系统工具ESTA及其应用-基于Visual ,24.1,崔奇明,6/1/2010,东北大学出版社,57,7072
人工智能技术导论（第三版）,19,廉师友,5/1/2007,西安电子科技大学出版社,3,98437
The ,28.9,宋勇,1/1/2016,北京理工大学出版社,8,45916
结构健康监测光纤传感技术研究,17.3,徐卫军,1/1/2011,水利水电出版社,72,78000
智能手机维修一线资料速查速用,37.9,张新德,4/1/2013,机械工业出版社,37,29567
先进控制技术,45.8,毛志忠,6/1/2012,科学出版社,31,49249
高级运动控制系统及其应用研究 ,29.3,舒志兵,9/1/2015,清华大学出版社,51,31785
非线性系统的鲁棒控制及应用——电气自动技术丛书,20.5,吴忠强,1/1/2005,机械工业出版社,0,95309
模糊逻辑和知识发现Fuzzy ,1053.4,Lipo,12/1/2006,湖南文艺出版社,0,61957
新型传感器和变送器实用手册,54.5,杨帮文,4/1/2008,电子工业出版社,0,40175
智能仪表设计实用技术及实例,25.3,张元良,4/1/2008,机械工业出版社,24,41187
认知事件相关脑电位教程,57,魏景汉,5/1/2002,经济日报出版社,0,97625
高频磁性器件,54.5,卡齐梅尔恰克,3/1/2012,电子工业出版社,119,33494
容栅技术,17.4,张增耀,11/1/2002,中国质检出版社(原中国计量出版社),0,3218
用拓扑信息作定性空间推理Qualitative ,321.4,Jochen,12/1/2002,湖南文艺出版社,0,88257
自动控制原理与系统,23.4,张存礼,3/1/2007,北京师范大学出版社,10,20270
基于突变理论的控制和应用,28.4,赵新华,4/1/2013,哈尔滨工业大学出版社,9,24629
漫画顺序控制,22.1,藤泷和弘,,科学出版社,234,26923
自动检测与转换技术,20.7,沈洁,7/1/2011,天津大学出版社,5,1025
复杂网络的Scalefree性、Scalefree现象及其控制,39.5,王林,9/1/2009,科学出版社,124,66916
OPC统一架构,60.7,马科,1/1/2012,机械工业出版社,27,83911
非线性广义系统的鲁棒控制与状态估计,35.6,陆国平,9/1/2011,科学出版社,38,33688
智能卡研发技术与工程实践——智能卡开发技术系列,30.8,求是科技,11/1/2003,人民邮电出版社,1,30462
智能传感器与信息系统,16.5,梁威,3/1/2004,北京航天航空大学出版社,0,16542
实用传感器接口电路实例,19.8,何希才,5/1/2007,中国电力出版社,20,63149
OPNET ,46.6,高崇,9/1/2010,电子工业出版社,15,71699
数字系统设计实验教程,15.8,杜玉远,5/1/2004,东北大学出版社有限公司,0,12857
集散控制系统及现场那个总线,48.3,石油化工仪表自动化培训教材,2/1/2010,中国石化出版社有限公司,54,55590
仿人多指灵巧手及其操作控制,47.4,刘宏,3/1/2010,科学出版社,38,93767
传感器原理及应用,30,彭杰纲,9/1/2012,电子工业出版社,53,47760
功能空间组织机理与空间福利研究,67.6,金凤君,6/1/2013,科学出版社,15,17893
工业控制计算机系统 ,12.4,,12/1/2011,中国标准出版社,1,72705
过程检测技术及仪表(杜维)(二版),20.6,杜维,3/1/2010,化学工业出版社,144,34188
遥感数字图像分析（第4版）,43.5,理查德,6/1/2009,电子工业出版社,7,62760
常用传感器应用电路的设计与实践,24.8,何希才,9/1/2007,科学出版社,77,15542
反馈控制系统(第5版)(英文版),82.1,Charles,3/1/2012,科学出版社,80,98128
人机界面设计,12.4,赵英新,6/1/2011,山东大学出版社,25,79598
传感器及其应用电路,24.1,付少波,7/1/2011,化学工业出版社,29,28417
参数计算导论,63.2,王建新,6/1/2014,科学出版社,0,72090
振动与冲击传感器的校准方法 ,14.4,,5/1/2012,,2,99701
人工智能与人工生命,26.9,曹少中,12/1/2011,电子工业出版社,10,6585
模糊广义系统的分析与控制,53.8,张庆灵,11/1/2011,国防工业出版社,48,16108
非单调推理与信念修正的条件Conditionals ,419.1,Gabriele,12/1/2001,湖南文艺出版社,0,49391
人工智能基础教程（附CD-ROM光盘一张）,28.4,朱福喜,3/1/2006,清华大学出版社,5,75258
机电控制系统,14.1,张涛,7/1/1998,高等教育出版社,2,67126
计算机控制技术 ,23.7,刘川来,6/1/2011,机械工业出版社,17,37301
工控机IPC-PLC-电器控制技术,36,,,东南大学出版社,0,12799
生物特征识别技术——人耳自动识别,43.5,穆志纯,8/1/2012,科学出版社,17,41020
控制工程基础,9.5,张尚才,8/1/1991,浙江大学出版社,1,69165
智能决策分析与支持,30.8,郭剑毅,5/3/2016,科学出版社,15,36829
智能技术及其应用,94.8,丁永生,2/1/2009,科学出版社,0,72577
Lexiumo5伺服驱动器技术指南及案例含1CD,23.3,李幼涵,2/7/2008,机械工业出版社,19,32420
小型自动化控制系统安装与调试(实践经验与理论分析有机融合，讲述了当今流行的PLC（可编程序控制器）的应用。),12.4,李可成,6/1/2013,电子工业出版社,7,18150
VMware ,40.7,吴孔辉,9/1/2015,机械工业出版社,182,33611
自动控制理论,14.1,向贤兵,8/1/2007,中国电力出版社,22,90283
不确定数据信任分类与融合,65.5,刘准钆,12/1/2017,科学出版社有限责任公司,30,73164
自动化工程师职业培训丛书 ,20.5,吴才章,1/1/2011,中国电力出版社,13,23820
微型计算机控制技术,25.3,戴永,3/1/2009,,3,87030
人工智能与认知科学／会议录Artificial ,357.1,,12/1/2002,湖南文艺出版社,0,51292
传感器原理及应用（第2版）,27,吴建平,5/1/2012,机械工业出版社,142,30353
系统仿真技术及其应用（第17卷）,128.3,陈宗海,8/1/2016,中国科学技术大学出版社,4,16772
传感器技术（杨帆）,18.6,杨帆,9/1/2008,西安电子科技大学出版社,1,42920
测试与传感技术(第二版),16.6,侯国章,12/1/2000,哈尔滨工业大学出版社,0,86392
群体智能与多Agent系统交叉结合——理论方法与应用,69.5,唐贤伦,9/1/2014,科学出版社,9,46273
自动控制原理(第2版),18.2,于长官,1/1/2006,哈尔滨工业大学出版社,0,10803
人工智能原理及应用,37.9,邢传鼎,1/1/2005,东华大学出版社,0,5612
自动控制综合应用技术——嵌入式微控制器、PLC、变频器、触摸屏、工控机、组态软件的综合应用,34.5,魏克新,7/1/2007,机械工业出版社,39,72543
自适应多尺度网络理论与应用,30,焦李成,5/1/2008,科学出版社,26,58339
基于内在认知机理的知识发现理论,67.2,杨炳儒,7/1/2009,国防工业出版社,12,45591
自动控制原理习题精解精练,9.5,任伟建,4/1/2007,哈尔滨工程大学出版社,6,24109
多智能体技术在协同设计与制造中的应用,26.2,沈卫明,5/1/2008,清华大学出版社,5,63787
人工智能,28.9,党建武,5/1/2012,电子工业出版社,5,14888
计算机控制系统,27.7,何克忠,10/1/2012,清华大学出版社,15,35627
传感器与传感器技术（第二版）（新版链接为：http:product.dangdang.comproduct.as,29.2,何道清,6/1/2008,科学出版社,35,96651
自动化综合应用工程(陶权),17.9,陶权,9/1/2011,化学工业出版社,16,32768
多源遥感影像数据融合技术,8.9,贾永红,8/1/2005,测绘出版社,59,77245
控制工程基础,16.5,高铁红,6/1/2006,中国质检出版社(原中国计量出版社),53,35788
现代检测与控制技术,15,张志君,8/1/2007,化学工业出版社,12,44180
多媒体智能教学系统研究与设计,24.8,周晓军,10/1/2009,北京语言大学出版社,10,38918
人工智能与专家系统,9.5,吴泉源,3/1/1995,国防科技大学出版社,0,26697
传感与检测技术（第2版）,26.9,刘红丽,9/1/2012,国防工业出版社,27,45938
增强现实技术导论,96,王涌天,6/1/2015,科学出版社,58,37503
语义网 ,749.9,,12/1/2006,崇文书局（原湖北辞书出版社）,0,96718
测试技术与传感器,13.1,罗志增,5/1/2010,西安电子科技大学出版社,78,2914
数据压缩导论(英文版·第3版),78.2,萨尤行,2/1/2009,人民邮电出版社,35,79468
物品编码标识,20.5,张铎,11/1/2013,清华大学出版社,39,38097
自动化学科概论（配光盘）,13.3,戴先中,4/1/2006,高等教育出版社,5,51064
自动检测与转换技术,17.4,梁森,1/1/2009,机械工业出版社,3,35981
现代自动识别技术与应用,24,张成海,9/1/2003,清华大学出版社,18,23034
无人机系统导论（第二版）,13.8,法斯多姆,9/1/2003,电子工业出版社,5,81771
智能决策技术,23.7,陈文伟,6/1/1998,电子工业出版社,0,30113
自动控制原理,30.9,,,高等教育出版社,0,18846
数理逻辑基础与粒计算,28.4,闫林,8/1/2007,科学出版社,22,83902
工业自动化控制系统典型应用与编程86例,30.8,田敏,1/1/2011,中国电力出版社,96,61772
磁致伸缩生物传感器系统设计和应用,37.9,张克维,10/1/2012,科学出版社,17,69370
自动规划：理论和实践,59.3,加拉卜,3/1/2008,清华大学出版社,47,80486
Virtual.Lab ,53.8,詹福良,5/1/2013,西北工业大学出版社,173,94414
国际导航制导控制学术会议论文集,79,赵琳,8/1/2007,哈尔滨工程大学出版社,3,98995
可拓设计,39.5,赵燕伟,5/1/2010,科学出版社,41,89515
不确定性推理技术,3.4,严小卫,6/1/1996,广西师范大学出版社,112,30381
传感器原理、检测及应用,38.7,张培仁,4/1/2012,清华大学出版社,63,33641
人机工程学,22.9,李建中,1/1/2009,中国矿业大学出版社,0,42708
控制系统数字仿真技术,18.7,韩璞,8/1/2007,中国电力出版社,29,100000
人工智能（高科技十万个为什么）,7.5,肖叶,1/1/2003,昆仑出版社,0,91741
基于知识的智能信息与工程系统： ,1017.7,Bogdan,12/1/2006,湖南文艺出版社,0,38338
检测原理与传感技术,25.3,杜清府,9/1/2008,山东大学出版社,1,57238
多智能体模型与实验,27.6,Jiming,11/1/2003,清华大学出版社,0,22753
不完全信息系统及粗糙集理论（英文版）,63.2,杨习贝,11/1/2011,科学出版社,9,97555
设备控制技术,15.1,刘冰,6/1/2009,人民邮电出版社,4,74625
信息技术 ,19,,5/1/2011,凤凰出版社,4,44532
多粒度知识获取与不确定性度量,44.8,张清华,3/1/2013,科学出版社,56,34397
光纤传感器及其应用技术,24.1,黎敏,8/1/2008,武汉大学出版社,50,5979
人工智能及其应用（第二版）,29.9,王万良,6/1/2008,高等教育出版社,0,64922
智能传感器设计,35.6,赫德尔斯顿,6/1/2009,人民邮电出版社,27,41506
时滞系统优化控制,37.9,项国波,4/1/2009,中国电力出版社,17,27295
自然计算导论,45.8,吴启迪,1/1/2011,上海科学技术出版社,29,13142
基于生物芯片的DNA计算——模型、算法及应用,55.3,丁永生,11/1/2011,科学出版社,25,94859
第27届中国控制会议论文集(共7册),782.1,程代展,7/1/2008,,0,14332
概念结构：灵感与应用： ,535.6,Henrik,12/1/2006,崇文书局（原湖北辞书出版社）,0,62133
自动控制原理,28.4,孟华,6/1/2011,机械工业出版社,61,92168
智能信息系统——以关联知识优化数据建模的方法和实践,20,任明,3/1/2012,浙江大学出版社,40,98921
自动控制实用电路快速识图技巧,22.7,孙作凯,9/1/2010,电子工业出版社,11,70846
高光谱图像分类与目标探测,46.6,张兵,5/1/2011,科学出版社,136,91586
传感器技术手册,70.3,威尔逊,2/1/2009,人民邮电出版社,10,48959
定时系统的形式建模与分析：FORMATS ,464.2,Eugene,12/1/2006,湖南文艺出版社,0,95651
微控制器应用,20,,,西北工业大学出版社,1,51957
集散控制系统及其应用实例,22.1,曲丽萍,6/1/2007,化学工业出版社,0,93973
传感器应用技术,11.3,王之芳,12/1/1991,西北工业大学出版社,0,52804
20062007传感器与执行器大全年卷传感器.变速器.执行器,78.2,中国电子学会敏感技术分会,2/1/2008,机械工业出版社,3,81003
社会智能与综合集成系统(“十二五”国家重点图书出版规划项目),82.8,戴汝为,1/1/2013,人民邮电出版社,49,80300
思维工程导论,34.3,钱小一,4/1/2015,上海社会科学院出版社,23,30501
光速思考：新一代光计算机与人工智能,14.3,诺尔蒂,7/1/2003,辽宁教育出版社,22,80242
自动控制原理 ,26.2,孙炳达,6/1/2012,机械工业出版社,128,47825
模糊控制技术,16.5,席爱民,8/1/2010,西安电子科技大学出版社,5,82583
中国人工智能进展.2005（上、下册，含CD-ROM光盘一张）,300.2,中国人工智能学会,10/1/2005,北京邮电大学出版社有限公司,4,8572
自动测试系统测试描述语言,26.2,路辉,7/1/2011,机械工业出版社,19,73394
神经计算进展 ,874.8,Licheng,12/1/2006,湖南文艺出版社,0,71263
自动控制原理,15.5,刘保录,8/1/2007,中国电力出版社,3,43263
机电一体化技术应用丛书--执行元件及控制,35.6,肖英奎,9/1/2008,化学工业出版社,10,86390
数理情感学：人类情感的数学逻辑,40,仇德辉,7/1/2018,中共中央党校出版社,47,75950
多传感器最优估计理论及其应用,81.4,闫莉萍,1/1/2018,科学出版社,60,7581
智能控制技术（修订版）,26.9,易继错,7/1/2007,北京工业大学出版社,138,71579
人工智能及其应用,27.2,王宏生,1/1/2009,国防工业出版社,5,66489
时滞系统的鲁棒控制和稳定性分析（英文版）,61.6,Yong,1/1/2010,科学出版社,16,83041
智能系统非经典数学方法,12.5,朱剑英,4/1/2001,华中科技大学出版社,2,24749
概念结构：基础扩展Conceptual ,463.8,Harry,12/1/2001,湖南文艺出版社,0,51108
传感技术及其应用,20.94,谢文和,7/1/2004,高等教育出版社,0,81546
电气自动化控制技术实训教程,31.4,许志军,9/1/2008,电子科技大学出版社,2,13000
人工智能：方法论、系统与应用 ,428.5,Jér,12/1/2006,湖南文艺出版社,0,14655
仿生智能计算,39.5,段海滨,1/1/2011,科学出版社,158,18721
自动控制原理,19.3,韩绍坤,1/1/2009,北京理工大学出版社,1,85180
秦氏模型——基于智能虚拟控件的仪器,45.5,尹爱军,1/1/2007,科学出版社,0,3199
智能决策方法与智能决策支持系统,27.6,,3/23/2005,科学出版社,0,47616
组态软件数据采集与串口通信测控应用实战（附光盘）,35.6,刘恩博,6/1/2010,人民邮电出版社,40,31915
综合集成化人工智能技术及其矿业应用,28.4,张幼蒂,8/1/2004,中国矿业大学出版社,0,62025
智能检测与控制技术,28.4,王仲生,9/1/2002,西北工业大学出版社,3,22962
模糊目标跟踪理论与方法,69.5,李良群,3/1/2016,科学出版社,42,36596
计算机控制系统(2版)(附盘),23.5,李元春,1/1/2009,高等教育出版社,0,62748
传感器手册,59.3,鲍丙豪,4/1/2008,化学工业出版社,34,11196
机电一体化系统概论,7.7,陈剑鹤,1/1/1999,华中科技大学出版社,1,10965
混成动态系统引论,19.8,杉弗特,12/1/2007,清华大学出版社,10,99360
群体智能预测与优化,20.7,施彦,8/1/2012,国防工业出版社,43,9927
非线性控制系统（第三版）（卷Ⅱ）,38.7,Alberto,7/1/2012,电子工业出版社,189,74334
人工智能中的图表推理,60.7,,1/1/2012,机械工业出版社,40,10611
人工智能理论系统的推理活动与交互作用 ,517.8,Oliviero,12/1/2006,崇文书局（原湖北辞书出版社）,0,12814
模糊智能控制,17.6,冯冬青,,化学工业出版社,0,21106
模糊智能控制,17.6,冯冬青,9/1/1998,化学工业出版社,0,1085
控制理论与机械系统控制,20.9,,,高等教育出版社,0,41588
移动定位与跟踪——从传统型技术到协作型技术,47.6,赵军辉,12/20/2012,国防工业出版社,23,2353
计算机仿真技术(吴旭光)(二版),20.5,吴旭光,9/1/2008,化学工业出版社,61,69893
模糊智能控制,17.3,,,化学工业出版社,0,89902
系统仿真技术及其应用（第12卷）,184.9,陈宗海,7/1/2010,中国科学技术大学出版社,14,45352
网络控制与调度方法及其应用,41.4,王万良,7/1/2009,科学出版社,31,23218
智能网技术,30,龚双瑾,11/1/1999,人民邮电出版社,0,45739
电子设备人机工程设计及应用,40.7,童时中,1/1/2010,电子工业出版社,14,18674
现代控制理论基础,9.6,舒欣梅,2/1/2008,西安电子科技大学出版社,6,2346
人工智能：复杂问题求解的结构和策略（英文版，第5版新版）,69.5,卢格尔,9/1/2005,机械工业出版社,11,30429
人体虹膜图像信息处理与识别技术,21,王立君,6/1/2014,水利水电出版社,41,1652
传感器原理及应用技术（第二版）（刘笃仁）,19.3,刘笃仁,4/1/2009,西安电子科技大学出版社,41,64808
智能测控系统的智能特性研究,20,刘东,3/1/2012,清华大学出版社,4,82559
智能科学,39.5,史忠植,8/1/2006,清华大学出版社,39,28488
无线传感器网络技术,31,李晓维,8/1/2007,北京理工大学出版社,106,41396
计算机测控技术,24.7,张明,1/1/2010,国防工业出版社,25,94480
无线传感器网络技术,31,李晓维,8/1/2007,北京理工大学出版社,27,95406
自动检测技术（第2版）,16.7,宋文绪,9/1/2001,高等教育出版社,0,42248
无线传感器网络的领域应用与设计技术,33.1,崔逊学,5/1/2009,国防工业出版社,47,18188
面向普适环境的自适应中间件模型与方法,35.6,吴卿,12/1/2010,浙江大学出版社,12,74575
控制理论与控制方程中的矩阵分析基础,35.6,何希勤,5/1/2010,科学出版社,32,77883
自动控制原理与系统,24.1,沈玉梅,8/1/2010,北京工业大学出版社,7,39375
仿生智能计算,85,段海滨,2/1/2020,科学出版社,0,42899
传感器原理及工程应用,9.8,,,西安电子科技大学出版社,0,71078
自动检测与转换技术,17.9,杨琳,2/1/2010,北京理工大学出版社,5,70740
人工智能与专家系统原理及其应用,26.1,郑丽敏,12/1/2004,中国农业大学出版社,2,17538
霍尔传感器实用手册,28.4,刘畅生,7/1/2009,中国电力出版社,35,68661
离散事件动态系统,30.8,郑大钟,1/1/2001,清华大学出版社,0,83480
过程控制仪表,22.2,,,冶金工业出版社,0,27853
微机控制技术,15.8,王用伦,11/1/2010,重庆大学出版社,8,31811
离散事件系统模拟高等学校通用教材,19.5,,12/1/2003,北京航天航空大学出版社,0,18046
自动控制原理,17.1,曹爱文,7/1/2010,经济科学出版社,3,43198
Mahout算法解析与案例实战（全面分析Mahout算法库中不同模块中的各个算法的原理及及其Mahout实现流程，每个,40.7,樊哲,6/1/2014,机械工业出版社,205,15206
先进控制系统应用与维护,39.3,潘立登,5/1/2010,中国电力出版社,20,75019
"网络安全与""免疫软件人""应用",67.6,马占飞,3/1/2016,科学出版社有限责任公司,3,52244
数控机床编程与操作实训,14.2,罗,4/1/2001,化学工业出版社,0,83205
自动控制原理（第2版）,33.1,卢京潮,8/1/2009,西北工业大学出版社,196,54219
智能模糊控制的若干问题研究,15.8,王志新,9/1/2009,知识产权出版社,8,54297
自动控制系统技术原理(乐建波),15,,,化学工业出版社,0,64536
传感器与开关阀门技术,17.3,龚运新,9/1/2008,北京师范大学出版社,8,46205
时延多智能体系统的协调控制,46.9,李勃,11/1/2018,电子工业出版社,24,95966
Simulink动态系统建模与仿真（第二版）,31.6,李颖,11/1/2009,西安电子科技大学出版社,354,19496
IAS集散控制系统,6.7,黄道钦,,化学工业出版社,0,78802
网络控制系统与应用,22.1,关守平,7/1/2008,电子工业出版社,12,21198
计算机测控技术,26.1,,,国防工业出版社,0,77932
IAS集散控制系统集散控制系统丛书,6.4,黄道,12/1/1997,化学工业出版社,0,25455
神经计算智能基础原理·方法——新世纪学术专著丛书,15.8,靳蕃,1/1/2000,西南交通大学出版社,1,10572
数据处理方法与技术,15.8,李永平,4/1/2009,国防工业出版社,8,54069
脱机手写汉字识别若干关键技术研究,17.9,任俊玲,1/1/2013,北京邮电大学出版社有限公司,26,12163
智能故障诊断与容错控制,20.7,王仲生,6/1/2005,西北工业大学出版社,183,30092
服务器架设技术原理与实践教程,25.3,尚冬娟,1/1/2009,电子工业出版社,0,6301
系统传真技术及其应用.第8卷,193.2,陈宗海,8/1/2006,中国科学技术大学出版社,4,42503
人机情感交互,37.9,毛峡,7/1/2011,科学出版社,94,9814
控制系统的故障诊断与故障调节,24,姜斌,3/1/2009,国防工业出版社,32,72283
神经计算原理及其应用技术,41.4,曾喆昭,10/1/2012,科学出版社,13,41947
系统辨识:使用者的理论(第2版),39.5,Lennart,2/1/2002,清华大学出版社,5,62966
复杂系统控制与决策中的智能计算,33.1,倪建军,10/1/2013,国防工业出版社,15,97844
时滞系统优化控制,24,项国波,4/1/2008,中国电力出版社,2,13288
先进分布仿真（第2版）,31,徐享忠,1/1/2013,国防工业出版社,41,3860
D-S证据理论的冲突证据合成方法,19.3,杨风暴,2/1/2010,国防工业出版社,91,99470
现代智能仿生算法及其应用,37.9,高玮,2/1/2011,科学出版社,15,3281
Word ,33.2,施博客研究室,8/1/2007,清华大学出版社,2,4099
身体的智能——智能科学新视角,45.8,罗尔夫,8/1/2009,科学出版社,104,84593
现代控制理论,22,田卫华,7/1/2012,人民邮电出版社,19,45246
多元数据处理,19.7,陈德钊,4/1/1998,化学工业出版社,0,54368
人工智能基本方法及程序设计,22.1,陆玲,4/1/2013,哈尔滨工程大学出版社,10,6243
大数据背景下不确定性人工智能中的知识表达、知识获取及推理,31,,,东北大学出版社,16,34328
智能机内测试理论与应用,15.8,温熙森,1/1/2002,国防工业出版社,1,80944
离散时间排队论,46.6,田乃硕,6/1/2008,科学出版社,53,51393
现代控制工程（第五版）（英文版）,65.5,尾形克彦,1/1/2011,电子工业出版社,286,5213
过程控制系统习题解答及课程设计,19.3,刘晓玉,12/1/2011,武汉理工大学出版社,58,40926
我们最后的发明：人工智能与人类时代的终结 ,46.9,James,8/1/2016,电子工业出版社,975,7160
人工智能及其应用,28.5,杨天奇,9/16/2014,暨南大学出版社,20,97278
控制工程基础,15.8,王建平,8/1/2008,西安电子科技大学出版社,2,73790
智能化检测系统及仪器,20,张剑平,9/1/2009,国防工业出版社,14,13874
人工智能及其应用,26.1,王宏生,1/1/2006,国防工业出版社,1,23284
随机系统概论——分析、估计与控制(下册),47.6,韩崇昭,3/1/2014,清华大学出版社,80,27065
系统仿真技术及其应用（第15卷）,128.3,,,中国科学技术大学出版社,1,88319
人工智能技术及应用,22.5,姚锡凡,1/1/2008,中国电力出版社,8,63953
人工智能原理,25.7,朱福喜,2/1/2002,武汉大学出版社,3,36955
基于自适应动态规划的智能优化控制,60.7,林小峰,11/1/2019,科学出版社,59,44683
无线传感器网络与人工生命：现代通信高技术丛书,25.3,张晓彤,6/1/2008,国防工业出版社,6,40789
智能图像 ,401.7,Eugene,12/1/2006,崇文书局（原湖北辞书出版社）,0,72707
运动控制技术综合实验教程(赵金),12.4,赵金,9/1/2010,华中科技大学出版社,10,29481
现代控制理论与分析（中文版）,17.2,王杰,1/1/2011,水利水电出版社,119,66656
传感器与可编程控制技术应用(徐红升),15.8,徐红升,4/1/2010,化学工业出版社,7,86482
智能算法及其在资源环境系统建模中的应用,28.5,杨晓华,7/1/2005,北京师范大学出版社,9,38401
高效运行—智能诊断和检修,14,施拓姆,9/1/2008,中国电力出版社,6,64378
移动互联网时代的智能终端安全 ,33.8,李兴新,7/1/2016,人民邮电出版社,28,40670
语义网——XML、WEB服务、知识管理的未来指南,17.9,达康塔,3/1/2009,中国科学技术出版社,138,86618
不确定性与粒计算,35.6,苗夺谦,10/1/2011,科学出版社,90,18577
语义网信息技术与方法,27.7,戴维民,12/1/2008,学林出版社,7,63271
自动控制原理,28.8,吴仲阳,8/1/2005,高等教育出版社,0,26334
协作信息主体VCooperative ,445.9,Matthias,12/1/2001,湖南文艺出版社,0,9316
文本挖掘原理,35.6,程显毅,11/1/2010,科学出版社,165,61108
不确定时滞系统的鲁棒控制理论,37.9,苏宏业,7/1/2007,科学出版社,15,18919
计算智能与科学配方,24.1,冯天瑾,1/1/2008,科学出版社,13,84641
自动控制原理及其应用（第3版）,13.7,黄坚,12/1/2009,高等教育出版社,0,95823
智能科学技术简明英汉汉英词典,63.2,韩力群,12/1/2011,北京邮电大学出版社有限公司,10,11356
广义人工生命,62.1,涂序彦,3/1/2011,科学出版社,17,85801
遥感导论（附电子教案）,19.7,梅安新,7/1/2001,高等教育出版社,15,89958
人类智慧与人工智能,8,林尧瑞,3/1/2001,清华大学出版社,0,7404
数字样机建模与仿真,28.4,杨欣,1/1/2014,清华大学出版社,18,100481
人工免疫算法改进及其应用,26.9,韩旭明,6/1/2013,电子工业出版社,19,89912
基于视觉的无标记手势识别 ,30.4,张生军,6/1/2016,吉林大学出版社,35,42853
机械设备控制技术（机械制造与控制专业）,12.8,武可庚,3/1/2002,高等教育出版社,0,75745
人工智能,20.5,蔡瑞英,8/1/2003,武汉理工大学出版社,2,88059
张量数据的特征提取与分类,28.8,张帆,5/1/2018,水利水电出版社,80,11946
"语义学,Web与数据挖掘：EWMF ",374.9,Markus,12/1/2005,湖南文艺出版社,1,13756
免疫进化理论与应用,33.8,杨孔雨,9/1/2008,社会科学文献出版社,28,39118
决策支持系统及其开发（第3版）（中国计算机学会学术著作丛书）,33.8,陈文伟,4/1/2008,清华大学出版社,60,94099
计算机控制技术,30,赵邦信,8/1/2008,科学出版社,2,53728
智能化集成温度传感器原理与应用,22.9,沙占友,7/1/2002,机械工业出版社,0,92360
自动控制原理,19.3,文友先,5/1/2012,华中科技大学出版社,10,84403
大功率速调管理的理论与计算模拟,30.8,丁耀根,4/1/2010,国防工业出版社,14,54731
传感器简明手册及应用电路：压力传感器分册,18.2,,,西安电子科技大学出版社,0,88415
无线传感网络测量系统,29.6,王雪,9/1/2007,机械工业出版社,15,47749
人工免疫系统：ICARIS ,535.6,Hugues,12/1/2006,崇文书局（原湖北辞书出版社）,0,33904
虚拟现实案例教程—基于Quest3DVR-PlatformVirtools项目（第2版）（附1DVD）,46.6,刘向群,2/1/2012,中国铁道出版社,50,91847
蚁群优化算法,34,马良,2/1/2010,科学出版社,157,53022
喷射技术理论及应用(精)武汉大学学术丛书,60,陆宏圻,6/1/2004,武汉大学出版社,1,41929
工业控制计算机系统 ,12.4,,12/1/2011,中国标准出版社,6,38021
传感器与检测技术(第二版),19.3,俞志根,7/1/2010,科学出版社,13,33792
传感器与检测技术应用,16.5,范晶彦,8/1/2005,机械工业出版社,0,32186
工业控制自动化实用技术手册,77.4,龚顺镒,3/1/2010,机械工业出版社,9,16499
固定短语的自动提取研究,71.1,刘荣,12/1/2016,科学出版社有限责任公司,1,75528
连续与离散控制系统(英文版附光盘)通信与信息科学教育丛书,44.3,John,7/1/2002,电子工业出版社,0,17631
虚拟现实技术基础与应用,26.2,胡小强,2/1/2009,北京邮电大学出版社有限公司,116,8539
人工智能进展 ,678.5,Jaime,12/1/2006,湖南文艺出版社,0,6504
测控系统原理与设计,28.1,齐永奇,7/1/2014,北京大学出版社,4,73292
基于认知与计算的事件语义学研究,39.5,刘茂福,4/1/2013,科学出版社,10,24405
人工智能 ,8,戴汝为,1/1/2002,化学工业出版社,0,23659
虚拟制造系统与实现,15.8,朱名铨,10/1/2001,西北工业大学出版社,10,6880
人工智能新课题：CAEPIA ,535.6,Roque,12/1/2006,湖南文艺出版社,0,5146
基于全局与局部信息的人脸识别,75.1,孔俊,8/1/2018,科学出版社有限责任公司,48,54460
自动化系统工程设计与实施,23.7,林敏,6/1/2008,电子工业出版社,22,85559
人体生理信号的情感分析方法,65.5,刘光远,4/1/2017,科学出版社,17,91819
图解智能控制系统应用手册,31,朱照红,1/1/2012,机械工业出版社,32,66196
仿真与虚拟农业技术（李乃祥）,22.9,李乃祥,8/1/2011,中国农业出版社,1,46513
控制理论基础（第二版）,25.3,王显正,11/1/2000,科学出版社,5,63514
复杂系统多Agent建模与控制的理论及应用,24.8,倪建军,9/1/2011,电子工业出版社,99,3864
微波遥感导论,24.8,苗俊刚,1/1/2013,机械工业出版社,30,20280
智能控制与智能系统,22,许力,2/1/2007,机械工业出版社,22,4020
基于智能Agent ,24.1,贾利民,9/1/2007,科学出版社,99,52749
传感器技术及应用(夏银桥),20.5,夏银桥,2/1/2011,华中科技大学出版社,13,3235
多传感器信息融合及应用,33.2,,,电子工业出版社,0,4046
工程控制论（下册）(第三版),118.5,钱学森,2/1/2011,科学出版社,434,99416
物联网之感知社会论,39.3,刘海涛,10/1/2011,华东师范大学出版社,46,77503
决策粗糙集理论及其研究进展,43.5,李华雄,11/1/2011,科学出版社,66,81716
无模型自适应控制——理论与应用,95.2,侯忠生,10/1/2019,科学出版社,0,74777
时空系统斑图优化控制(马军),13.8,马军,11/1/2011,华中科技大学出版社,18,100801
智能信息挖掘与处理,53.7,杨振舰,9/1/2014,化学工业出版社,8,60324
计算机过程控制技术,21.3,,,南京大学出版社,0,68919
多分类器系统Multiple ,517.3,Josef,12/1/2001,湖南文艺出版社,0,39281
传感器及其应用电路,15,何希才,3/1/2001,电子工业出版社,0,12960
复杂系统暨鲁棒控制的理论和应用（Theory ,61.6,黄杰,8/1/2010,清华大学出版社,4,68911
创新工程科技教育作品集,46.6,,5/1/2015,哈尔滨工程大学出版社,0,2287
自动生产线的拆装与调试,19.8,童泽,2/1/2012,电子工业出版社,1,30913
智能信息技术,8.2,郭军,6/1/2000,北京邮电大学出版社有限公司,0,24195
Process ,73.1,何新贵,7/1/2009,浙江大学出版社,8,88572
传感器阵列波束优化设计及应用,63.2,鄢社锋,1/1/2009,科学出版社,2,97336
现代检测技术,26.7,贺良华,9/1/2008,华中科技大学出版社,19,36795
最优控制理论与方法,6.9,荆海英,8/1/2002,,29,32181
单兵负荷骨骼服的力控制理论与方法,61.4,杨智勇,11/1/2013,国防工业出版社,22,72428
问题求解理论及应用——商空间粒度计算理论及应用（第2版）,41.1,张铃,3/1/2007,清华大学出版社,31,45852
数字控制系统——设计辨识和实现,81.4,伊万·多尔·郎道,12/1/2018,科学出版社有限责任公司,94,88301
Artificial ,94.8,韩厚德,12/1/2012,清华大学出版社,4,60415
智能家居设计：人工智能的作用LNCS-4008: ,357.1,Juan,12/1/2006,崇文书局（原湖北辞书出版社）,0,14797
智能大厦,7.9,杨永辉,1/1/2002,北京邮电大学出版社有限公司,0,36044
形式概念分析理论与应用,82.8,徐伟华,10/1/2016,科学出版社,27,19755
装备智能故障诊断技术,19.8,,8/1/2004,国防工业出版社,0,8765
工业过程检测与控制,17.3,孟华,8/1/2002,北京航天航空大学出版社,0,69156
自适应超媒体与自适应网基系统会议录 ,607,Paul,12/1/2002,湖南文艺出版社,0,29423
传感器原理及应用,39.3,潘炼,1/1/2012,电子工业出版社,36,12287
自动控制原理（上下册）,59.3,裴润,5/1/2006,哈尔滨工业大学出版社,139,96665
传感器及应用,11.9,陈键,7/1/2009,北京理工大学出版社,1,89721
网络制造模式下的分布式测量系统建模与优化技术,21.3,罗小川,7/1/2007,冶金工业出版社,0,34527
自动控制原理,24.8,宋建梅,7/1/2012,电子工业出版社,39,20815
传感器与自动检测技术,23.6,余成波,2/1/2004,高等教育出版社,0,93677
人工智能中的逻辑： ,571.3,Michael,12/1/2006,崇文书局（原湖北辞书出版社）,0,17711
自动化类专业毕业设计指南,19.4,狄建雄,7/1/2007,南京大学出版社,17,77596
协同进化遗传算法理论及应用,30,巩敦卫,5/1/2009,科学出版社,19,22277
模糊控制原理与应用,22.5,诸静,6/1/2001,机械工业出版社,0,95232
智能传感器及其应用——光机电一体化丛书,23.7,高国富,7/1/2005,化学工业出版社,1,78070
人工心理,31.6,王志良,12/1/2006,机械工业出版社,15,16754
高等人工智能原理——观念·方法·模型·理论,101.1,钟义信,3/1/2014,科学出版社,33,21687
人工智能导论,9.6,林尧瑞,5/1/1989,清华大学出版社,0,55080
人工智能：方法论、系统与应用会议录Artificial ,357.1,Doris,12/1/2002,湖南文艺出版社,0,9337
面向实时监测的无线传感器网络,19.8,杨玺,10/1/2010,人民邮电出版社,27,25532
机械控制基础,15.9,,,高等教育出版社,0,13457
现代伺服系统设计,22.9,刘胜,8/1/2001,哈尔滨工程大学出版社,0,36490
眼动人机交互,17.3,冯成志,4/1/2010,苏州大学出版社,5,57154
机电一体化设计系列丛书：伺服技术,33.2,厉虹,10/1/2008,国防工业出版社,53,21514
概念建模 ,642.7,David,12/1/2006,湖南文艺出版社,0,10809
多变量鲁棒控制系统,33.1,赵长安,4/1/2011,哈尔滨工业大学出版社,41,100209
人机交互设计与评价,45.8,刘伟,,科学出版社,25,83957
工程免疫计算,28.4,肖人彬,8/1/2007,科学出版社,7,1452
随机过程理论及其在自动控制中的应用,26.9,闫莉萍,4/1/2012,国防工业出版社,41,70410
2007自动化解决方案指南,53.7,施耐行电气公司,8/1/2007,机械工业出版社,4,76216
切换系统的H∞ ,35.6,付主木,9/1/2009,科学出版社,76,95736
计算智能理论与方法,51.4,张雷,3/1/2013,科学出版社有限责任公司,31,76758
传感器应用电路200例实用工程技术丛书,59.3,张洪润,8/1/2006,北京航天航空大学出版社,49,35629
工控机及组态控制技术原理与应用（第二版）,31.5,薛迎成,1/1/2011,中国电力出版社,159,90928
多传感器信息融合及应用（第二版）,33.8,何友,12/1/2007,电子工业出版社,174,40463
面向对象的现代工业控制系统实用设计技术,22.9,王献,12/1/2009,清华大学出版社,16,37783
大数据搜索与挖掘,62.1,张华平,1/1/2019,科学出版社,82,82862
人机系统方法学,60.7,王保国,9/1/2015,清华大学出版社,14,8302
人脸识别——原理、方法与技术,45.8,王映辉,2/1/2010,科学出版社,127,92684
人工智能技术与方法,11.9,夏定纯,9/1/2004,华中科技大学出版社,1,29581
传感器技术——信息化武器装备的神经元,69.5,范茂军,7/1/2008,国防工业出版社,10,88594
过程控制仪表(刘巨良),27.7,刘巨良,,化学工业出版社,0,59205
基于储备池的非线性系统预测理论与分析方法,19.8,韩敏,12/1/2011,水利水电出版社,6,51674
自动控制原理与设计（英文版·第5版）,47.6,富兰克林,7/1/2007,人民邮电出版社,9,4428
After ,17.5,希望多媒体开发中心雪威工作室,6/1/1999,中国中医药出版社,0,63619
人工智能导论——方法与系统,28.4,刘峡壁,8/1/2008,国防工业出版社,21,47518
人脸感知：从二维到三维,34.5,王国胤,9/1/2011,科学出版社,42,12971
动态系统基于模型的鲁棒故障诊断,28.9,陈杰,11/1/2009,国防工业出版社,65,39752
用户界面设计——有效的人机交互策略（第五版）,34.3,施耐德曼,3/1/2011,电子工业出版社,500,21536
智能科学（第2版）,54.5,史忠植,2/1/2013,清华大学出版社,55,45691
自然语言处理进展 ,357.1,Elisabete,12/1/2002,湖南文艺出版社,0,15277
模式识别与状态监控,36.3,温熙森,10/1/2007,科学出版社,8,29654
非线性系统自适应控制理论及应用,30,郭晨,7/1/2012,科学出版社,22,91862
智能管理技术与方法,30,倪志伟,8/1/2007,科学出版社,4,37667
人工智能导论,30.8,鲍军鹏,7/1/2011,机械工业出版社,97,91789
多智能体原理与技术,23.7,Jiming,11/1/2003,清华大学出版社,0,5844
中华人民共和国国家标准：遥感影像平面图制作规范,12.4,,9/1/2008,凤凰出版社,5,98067
过程控制系统（第2版）,20.7,齐卫红,3/1/2011,电子工业出版社,12,100304
Moodle网络课程平台,24.8,曾棕根,5/1/2010,北京大学出版社,194,40497
现代控制系统（第十一版）,77.4,多尔夫,4/1/2011,电子工业出版社,609,7897
多源遥感影像融合技术与应用,15.8,赵书河,10/1/2008,南京大学出版社,21,92228
人机对话系统,40.7,曹均阔,9/1/2017,电子工业出版社,79,39688
遥感异常检测仿生算法 ,26.9,李敏,6/1/2015,电子工业出版社,13,49285
人本界面：交互式系统设计,22.1,拉斯基,1/1/2004,机械工业出版社,3,59733
2006人工智能趋势 ,949.2,,12/1/2006,崇文书局（原湖北辞书出版社）,0,93780
模式识别之特征选择,37.9,杨宏晖,6/1/2016,电子工业出版社,0,69488
仿真模型可移植性规范及其应用,35.8,李群,4/1/2010,电子工业出版社,18,77168
人工情感,31,王志良,7/1/2009,机械工业出版社,55,95265
非连续非线形系统的控制理论与应用（英文版）,61.6,申铁龙,10/1/2007,清华大学出版社,0,14748
面向应用的智能管道关键技术新解,46.6,陈运清,6/1/2013,电子工业出版社,73,97160
自动化技术及信息与电信技术,109,Dietmar,2/1/2014,机械工业出版社,37,34515
多感知系统与智能仿真,26.2,孟宪宇,6/1/2012,国防工业出版社,20,78847
伺服与运动控制系统设计,20,田宇,5/1/2010,人民邮电出版社,95,9634
控制系统仿真,19,冯辉宗,6/1/2009,人民邮电出版社,5,59162
计算机视觉研究中的投影理论和方法,19.8,高满屯,1/1/1998,西北工业大学出版社,1,83139
传感器与信号处理,39.5,吴兴惠,8/1/1998,电子工业出版社,0,58847
人工鱼群算法及其应用,59.3,江铭炎,1/1/2012,科学出版社,141,36714
科学可视化理论及智能虚拟显示系统,20.7,周传德,1/1/2007,科学出版社,9,8980
柔性查询回答系统：第7届国际会议 ,714.2,Henrik,12/1/2006,崇文书局（原湖北辞书出版社）,0,34057
高等人工智能原理——观念.方法.模型.理论,142.2,钟义信,8/1/2016,科学出版社,7,93540
传感器与检测技术,31.4,周润景,4/1/2009,电子工业出版社,28,35409
传感器与检测技术,15.1,宋雪臣,5/1/2009,人民邮电出版社,5,55557
人工智能：复杂问题求解的结构和策略（英文版·第4版）,54.5,George,5/1/2003,机械工业出版社,0,4530
自动线控制技术,19.3,张益,1/1/2012,机械工业出版社,17,70158
自动测试技术,22.1,柳爱利,8/1/2007,电子工业出版社,5,100893
常用传感器应用电路的设计与实践,49.5,何希才,1/1/2017,科学出版社有限责任公司,0,4909
神经计算进展 ,874.8,Licheng,12/1/2006,湖南文艺出版社,0,70553
光纤智能结构,32.2,涂亚庆,5/1/2005,高等教育出版社,10,98546
过程系统人工智能技术,6.3,麻德贤,11/1/1996,中国石化总公司情报研究所,0,14114
多智能体系统最新进展,71.1,刘载文,10/1/2010,国防工业出版社,2,40202
不确定性推理技术,7.5,张师超,6/1/1996,广西师范大学出版社,8,27126
自然计算,54.5,曾建潮,8/1/2012,国防工业出版社,25,18295
过程控制用功能块(FB) ,114.5,,7/1/2011,中国标准出版社,5,21504
地雷引信近场特性计算机仿真技术,30,娄文忠,8/1/2008,国防工业出版社,4,85526
预测控制的理论与方法,30,丁宝苍,5/1/2008,机械工业出版社,13,63603
人工智能技术及应用,15.1,张清华,1/1/2012,中国石化出版社有限公司,30,70105
人与智能(彩图科技百科全书第4卷)(精),118.5,彩图科技百科全书,10/1/2005,上海科学技术出版社,12,63450
系统仿真（第二版）,33.1,徐享忠,8/1/2012,国防工业出版社,61,77575
遥感图像智能分类及其应用,20,罗小波,11/1/2011,电子工业出版社,89,5041
不完备信息系统知识获取的粗糙集理论与方法,30,周献中,12/1/2010,南京大学出版社,59,24453
时滞系统稳定性分析与应用,34.5,孙健,6/1/2012,科学出版社,52,56368
贝尔图象插值和压缩算法原理及应用,19.3,程永强,6/1/2010,机械工业出版社,15,47933
动态模糊数据分析理论与方法,61.6,李凡长,3/1/2013,科学出版社,13,24354
现代控制系统(第8版),43.5,多尔夫,6/1/2004,高等教育出版社,10,18544
光纤光栅传感原理及应用,22,吴朝霞,3/1/2011,国防工业出版社,80,73595
智能天线技术与应用,27.7,刘鸣,1/1/2007,机械工业出版社,3,16691
自动控制原理与系统,22,夏晨,1/1/2013,北京理工大学出版社,3,27127
"人机交互与戏剧表演：用戏剧理论构建良好用户体验（原书第2版,一部对人机交互领域具有变革意义的经典著作，历时20年全面更",33.8,劳雷尔,11/1/2014,机械工业出版社,84,10221
自动控制原理与系统,22.9,王超,1/1/2008,安徽科学技术出版社,2,11960
信息智能分析实验,11.1,肖智,6/1/2007,重庆大学出版社,9,8581
自动化(专业)概论,15.1,韩崇昭,12/1/2010,武汉理工大学出版社,178,1742
从新手到高手--过程控制系统基础与实践,33.1,宋极群,11/1/2011,化学工业出版社,35,27013
人工智能及其在决策系统中的应用,23.5,,,国防科技大学,0,5224
DELMIA人机工程模拟教程,22,盛选禹,6/1/2009,机械工业出版社,52,88148
高级人工智能,25.2,史忠植,1/1/1998,科学出版社,0,21950
人工智能及专家系统,18,敖志刚,9/1/2010,机械工业出版社,0,88399
过程控制系统和应用,13.4,俞金寿,6/1/2003,机械工业出版社,0,9803
人工智能商务应用手册,16.6,西格尔,8/1/2004,清华大学出版社,0,65171
计算机控制理论与设计,27,关守平,10/1/2012,机械工业出版社,45,4015
气动潜孔锤仿真电算软件开发与应用,31.5,熊青山,6/1/2011,石油工业出版社,5,59395
微型计算机控制技术,26.1,徐安,10/1/2008,电子工业出版社,29,76192
人工智能形式概念系统,30,危辉,4/1/2011,科学出版社,32,48756
表面等离体激元共振生物传感器,50.3,隋森芳,4/1/2008,上海科学技术出版社,35,55223
自动控制原理,19.8,常俊林,8/1/2010,中国矿业大学出版社,3,68341
运动控制实用技术丛书 ,21,郑魁敬,6/1/2009,中国电力出版社,81,37983
仿真科学技术及工程,109,刘兴堂,3/1/2013,科学出版社,32,49626
供应链鲁棒优化与控制策略,42.7,邱若臻,3/1/2012,科学出版社,16,38343
强非线性系统周期解的能量法,31.6,李骊,5/1/2008,科学出版社,14,35370
自动控制综合应用技术——嵌入式控制器、PLC、变频器、触摸屏、工控机、组态软件的综合应用（第2版）,40,魏克新,6/1/2012,机械工业出版社,310,72658
基于社会化标签的Web知识推送：网络分析视角,53.7,易明,5/1/2013,科学出版社,14,58737
清单计价2003软件使用手册及工程实例高级教程(含盘),31.6,深圳市清华斯维尔软件科技有限公司,11/1/2003,中国建筑工业出版社,0,26116
传感器技术及应用教程,22.5,马林联,8/1/2013,中国电力出版社,13,54775
数据压缩（第3版）,25.3,吴乐南,8/1/2012,电子工业出版社,106,39748
智能控制原理及应用,22.9,张建民,2/1/2003,冶金工业出版社,0,16817
智能传感技术与系统,22.7,钱政,9/1/2008,北京航空航天大学,32,33466
常用传感器应用技术问答,19.8,孙克军,1/1/2009,机械工业出版社,1,77495
过程控制系统——应用、设计与整定(第3版),35.6,欣斯基,6/1/2004,清华大学出版社,36,28883
电液伺服万能试验机GBT ,12.4,,11/1/2008,凤凰出版社,6,68659
智能控制技术,19.8,张铭钧,1/1/2006,哈尔滨工程大学出版社,0,22064
云模型与粒计算,51.8,王国胤,7/1/2012,科学出版社,119,65343
环境设计人机工程学,20.3,王熙元,10/1/2010,东华大学出版社,68,64645
语义网推理的原理与实践： ,401.7,José,12/1/2006,崇文书局（原湖北辞书出版社）,0,89147
无线传感器网络通信协议,24.1,尚凤军,6/1/2011,电子工业出版社,78,26108
自动控制原理,17.9,,,重庆大学出版社,1,49754
传感器原理及其应用,53.7,温殿忠,6/1/2013,科学出版社,11,100123
人工智能及其应用,25.7,蔡自兴,5/1/2000,清华大学出版社,0,49798
系统仿真技术及其应用（第11卷）,262.2,陈宗海,7/1/2009,中国科学技术大学出版社,4,80571
视读人工智能,14.3,亨利·布莱顿,2/1/2007,安徽文艺出版社,403,95024
数据压缩技术及应用,25.3,吴家安,1/1/2009,科学出版社,16,39841
实用系统仿真建模与分析——使用Flexsim（配光盘）,19.3,秦天保,2/1/2013,清华大学出版社,304,51451
遥感原理与应用,22,沙晋明,2/1/2017,科学出版社有限责任公司,72,12777
自动控制原理简明教程（第二版）,25.3,胡寿松,10/1/2011,科学出版社,94,21573
过程控制原理(章高建)(12-2),14.2,章高建,,化学工业出版社,0,19955
在自动控制中的应用,26.9,吴晓燕,9/1/2006,西安电子科技大学出版社,19,69146
自动控制原理及应用,17.1,郝建豹,8/1/2011,北京师范大学出版社,8,95362
智能信息处理与应用,26.9,李明,9/1/2010,电子工业出版社,25,71745
汉语人机语音通信基础,135.2,张家,4/1/2010,上海科学技术出版社,16,14473
精通QTP与自动化测试框架设计实战（附光盘）,46.6,张斌,4/1/2010,人民邮电出版社,44,61723
智能方法及应用,63.2,钟珞,4/1/2016,科学出版社有限责任公司,8,32787
辽宁省优秀自然科学著作 ,51.4,,11/1/2013,辽宁科学技术出版社,0,87553
模块化程序设计语言：JMLC ,499.9,David,12/1/2006,湖南文艺出版社,0,66056
和谐智能CACD系统,25.3,杨国为,12/1/2006,科学出版社,0,64617
控制工程基础与应用,17.4,赵丽娟,8/1/2009,中国矿业大学出版社,1,1738
现代控制理论基础(第2版),19.8,梁慧冰,1/1/2012,机械工业出版社,22,61922
过程控制与集散系统,27.7,方康玲,1/1/2009,电子工业出版社,39,41225
PRICAL ,607,Mitsuru,12/1/2002,湖南文艺出版社,0,39890
人工智能,20.3,王万森,3/1/2011,人民邮电出版社,47,71042
传感与检测技术,26.9,刘红丽,6/1/2007,国防工业出版社,1,41308
人工智能引论（朱福喜等）,23.7,朱福喜,9/1/2006,武汉大学出版社,2,5468
教育技术与人工智能,15.2,贾积有,,吉林大学出版社,7,87903
计算机控制及仿真,17.9,朱苏朋,8/1/2009,国防工业出版社,13,59702
模式识别原理及应用,43.5,余正涛,6/1/2014,科学出版社,16,31902
自动控制原理实验技术,14.4,彭秀艳,12/1/2006,哈尔滨工程大学出版社,7,21579
现代仿真技术与应用,21.8,,,国防工业出版社,0,39572
word ,30.8,施博客研究室,8/1/2007,清华大学出版社,6,76077
生产系统仿真——Plant ,38.7,周金平,11/1/2011,电子工业出版社,317,80721
控制工程基础及应用,26.2,张建新,8/1/2012,国防工业出版社,4,64170
计算机控制技术（第2版）,15.8,俞光昀,3/1/2008,电子工业出版社,2,61863
图解传感器与仪表应用,31.6,李方园,6/1/2011,机械工业出版社,31,92480
控制系统计算机辅助设计(附光盘),23.3,蔡启仲,8/1/2003,重庆大学出版社,3,77488
定量遥感模型应用及不确定性研究,46.6,柳钦火,1/1/2016,科学出版社,71,30153
非线性微分代数系统的控制理论与应用,22.1,张秀华,9/1/2007,科学出版社,26,29253
人工智能 ,31.7,卢格尔,3/1/2009,机械工业出版社,227,49949
智能控制与应用,35.6,姜长生,7/1/2007,科学出版社,8,71827
人机界面设计,22.7,刘伟,5/1/2011,北京邮电大学出版社有限公司,35,10036
奇异系统的鲁棒控制理论,31.6,鲁仁全,6/1/2008,科学出版社,40,17001
传感器简明手册及应用电路压力传感器分册,25.3,,,西安电子科技大学出版社,0,38568
传感器与检测技术,24.8,魏学业,9/1/2012,人民邮电出版社,43,97973
故障智能诊断系统的理论与方法,12.6,王道平,5/1/2001,冶金工业出版社,3,41240
人工智能的未来（套装共2册） ,96.4,雷·库兹韦尔,1/1/2017,浙江人民出版社,198,37713
基于生物网络的智能控制与优化,47.4,丁永生,3/1/2010,科学出版社,28,52891
无线传感器网络与监测应用,30.3,李岳衡,12/1/2011,国防工业出版社,34,14766
ENVI遥感图像处理方法,46.9,邓书斌,1/1/2017,科学出版社,904,87274
感知与交互作用技术： ,374.9,Elisabeth,12/1/2006,崇文书局（原湖北辞书出版社）,0,54531
游戏人工智能,89,Steve,9/1/2017,电子工业出版社,281,79601
微传感器MEMS与智能器件,61.6,加德纳,9/1/2007,中国质检出版社(原中国计量出版社),37,17394
微型计算机控制技术,22.1,潘新民,7/1/2001,高等教育出版社,13,9547
现代检测技术及仪表,22.4,,,高等教育出版社,1,4204
群体智能（英文版）,51.7,肯尼迪,2/1/2009,人民邮电出版社,41,46541
人工智能——大脑的镜子,14.2,哈里·亨德森,1/1/2008,上海科学技术文献出版社,5,65147
控制系统仿真,16.6,党宏社,3/1/2008,西安电子科技大学出版社,0,21855
粒计算：过去、现在与展望,47.4,苗压谦,8/1/2007,科学出版社,12,75011
人机交互：以用户为中心的设计和评估（第5版）,33.2,董建明,8/1/2016,清华大学出版社,165,55976
过程控制：系统.仪表.装置,24.8,林锦国,3/1/2001,东南大学出版社,0,77932
计算机仿真技术,13.5,,,,0,22351
智慧城市与智能系统的前沿问题与应用,41.4,中国工程院,1/1/2014,高等教育出版社,6,88390
时滞系统鲁棒控制——自由权矩阵方法,37.9,吴敏,5/1/2008,科学出版社,44,27673
非线性系统的不连续控制,37.9,李传东,3/1/2013,科学出版社,9,22777
工业控制网络技术实验教程,21.6,梁清华,7/1/2014,东北大学出版社有限公司,5,14136
人机交互：以用户为中心的设计和评估（第4版）,36.3,董建明,1/1/2013,清华大学出版社,179,20591
集成运动控制系统工程实战,28.4,许少伦,11/1/2011,电子工业出版社,15,18250
无线传感器网络技术,27.4,郑军,6/1/2012,机械工业出版社,70,16671
过程控制系统,20.8,,,武汉理工大学出版社,0,21830
现代控制系统设计与仿真——使用PIMCSD工具箱,35.6,吴志刚,5/1/2012,科学出版社,13,25898
人工智能及其教育应用,21.2,李鸣华,6/1/2008,科学出版社,21,20142
人体生理信号的情感计算方法,71.1,刘光远,10/1/2014,科学出版社,17,22839
传感器与自动检测技术,24.5,柳桂国,3/1/2011,电子工业出版社,6,17410
工业组态监控软件及应用(于玲),21.2,于玲,9/1/2012,化学工业出版社,22,22097
文本、语音与对话：TSD ,714.2,Petr,12/1/2006,崇文书局（原湖北辞书出版社）,0,27316
信息技术 ,35.6,,9/1/2009,凤凰出版社,2,17902
自动控制原理与应用,16.7,梁南丁,8/1/2007,北京大学出版社,5,11926
自动调节系统的工程设计方法,40,刘维,11/1/2011,机械工业出版社,16,14055
验证与分析的自动化技术 ,607,Susanne,12/1/2006,湖南文艺出版社,0,24464
Euro-Par ,812.4,Burkhard,12/1/2001,湖南文艺出版社,0,24111
人工智能与专家系统,22.9,刘白林,2/1/2012,西安交通大学出版社,23,18651
视觉仿生学原理与应用,45.8,谢剑斌,11/1/2013,科学出版社,34,14838
虚拟仪器及其在机械测试中的应用,28.4,柏林,9/1/2007,科学出版社,5,21354
《自动控制原理》教与学导引,17.2,胡皓,7/1/2011,水利水电出版社,2,26283
定量遥感（附光盘）,46.9,顾景范,8/4/2017,科学出版社,372,12195
MICAI人工智能进展2002MICAI ,571.3,Carlos,12/1/2002,湖南文艺出版社,0,29024
自动目标识别评估方法及应用,45.8,付强,8/1/2013,科学出版社,22,14757
智能计算：若干理论问题及其应用,19.8,梁久祯,1/1/2007,国防工业出版社,0,26388
制造过程智能优化调度算法及其应用,30,刘民,3/1/2008,国防工业出版社,23,26985
知识驱动型拟人智能控制系统研究,26.2,朱宏辉,6/1/2012,武汉理工大学出版社,19,26170
概念建模进展—理论与实践会议录Advances ,535.6,John,12/1/2006,湖南文艺出版社,0,12361
自动控制技术,19,郁建中,6/1/2008,北京邮电大学出版社有限公司,1,24745
"不确定性非线性系统""模拟-优化""耦合模型研究",40.7,周丰,3/1/2010,科学出版社,50,24101
国家级自然保护区遥感影像图集,314.4,王智,10/1/2013,科学出版社,6,15229
数字信号完整性：互连封装的建模与仿真,39.5,李玉山,1/1/2009,机械工业出版社,4,15189
无线传感器网络技术与应用,22.7,安文,10/1/2013,电子工业出版社,6,22346
基于案例推理的智能决策技术,15.8,李锋刚,1/1/2011,安徽大学出版社,85,15599
专家系统外壳Pro3工程与实践,26.2,崔奇明,10/1/2013,,6,26181
微型计算机控制技术,19.3,张国范,6/1/1997,东北大学出版社有限公司,7,22094
传感技术与应用（第2版）,28.9,周继明,2/1/2009,中南大学出版社有限责任公司,17,23059
智能家居,58.9,,,上海交通大学出版社,0,25184
触摸式人机界面工程设计与应用,26.2,周志敏,3/1/2013,中国电力出版社,77,16727
人-系统交互工效学 ,24.8,,11/1/2007,凤凰出版社,1,14950
自然语言处理与信息系统会议录 ,374.9,Christian,12/1/2006,崇文书局（原湖北辞书出版社）,0,13252
工业控制与PLC应用丛书 ,54.5,王仁祥,,中国电力出版社,12,15693
现代计算机围棋基础,25.3,刘知青,4/1/2011,北京邮电大学出版社有限公司,57,25294
控制原理与系统实验教程,13.4,陈春俊,9/1/2007,西南交大,4,24069
纯方位目标运动分析,12.6,刘忠,4/1/2009,国防工业出版社,8,27801
自动检测技术及仪表控制系统,22.9,张毅,7/1/2009,化学工业出版社,35,15547
神经计算与生长自组织网络,22.8,程国建,10/1/2008,西安交通大学出版社,8,21485
检测技术与系统设计,26.2,方彦军,10/1/2007,水利水电出版社,17,16604
高级变结构控制理论及应用,20.7,胡剑波,11/1/2008,西北工业大学出版社,95,14666
人工智能、自动推理与符号计算 ,428.5,Jacques,12/1/2002,湖南文艺出版社,0,12228
Clifford传感器网络覆盖,34.5,曹文明,11/1/2011,科学出版社,6,21858
人机交互中人体工效模型的建立及其应用的研究,13.1,周晓磊,2/14/2015,首都经济贸易大学出版社,12,24794
人机交流互动表单鼠标等的设计,23.3,摆渡人工作室,1/1/2001,,0,23439
人工智能方法与应用,17.1,伊朝庆,8/1/2007,华中科技大学出版社,11,13854
虚拟化安全解决方案,47.6,戴夫.沙克尔福,12/18/2015,机械工业出版社,130,15273
创客空间开源制作项目指南 ,31,无线电,8/1/2015,人民邮电出版社,110,15959
传感器技术及应用,38.7,韩裕生,2/1/2013,电子工业出版社,11,21612
计算机辅助研究论文写作指南,21,徐彬,3/1/2009,山东教育出版社,18,29795
智能大厦和智能小区安全防范系统的设计与实施,22.9,黎连业,1/1/2005,清华大学出版社,1,17699
传感器网络中的盲源分离与信号重构,26.9,陈宏滨,11/1/2012,电子工业出版社,21,27565
自动机、语言与程序设计 ,857,Peter,12/1/2002,湖南文艺出版社,0,18995
传感器与PLC编程技术基础（第2版）,11.1,蔡崧,7/1/2008,电子工业出版社,42,18307
人机工程学入门——简明参考指南（原书第3版）,13.8,达尔,1/1/2011,机械工业出版社,34,26290
人机界面标志标识的基本和安全规则 ,12.4,,7/1/2011,中国标准出版社,3,24486
视觉信息认知计算理论,26.9,罗四维,7/1/2010,科学出版社,114,10238
控制系统计算机仿真技术,15,曹梦龙,8/1/2009,化学工业出版社,26,14590
自动控制元件及线路,15.8,梅晓榕,2/1/2001,哈尔滨工业大学出版社,0,28978
高级人工智能（第三版）,66,史忠植,7/1/2011,科学出版社,149,19593
单片机外围器件应用丛书 ,20.7,纪宗南,2/1/2010,中国电力出版社,28,15506
人机交互——用户体验创新的原理,31.1,金振宇,10/1/2014,清华大学出版社,71,12346
人工智能和符号计算 ,401.7,Jaques,12/1/2006,崇文书局（原湖北辞书出版社）,0,22705
传感器原理及其应用,26.4,俞阿龙,2/1/2010,南京大学出版社,2,12333
智能传感器：医疗、健康和环境的关键应用 ,61.4,迈克,12/23/2016,机械工业出版社,515,26816
虚拟现实技术应用和Kinect开发——基于煤层气仿真训练系统 ,33.8,曹林,6/1/2015,电子工业出版社,63,10705
语音信号鲁棒特征提取及可视化技术研究,17.2,韩志艳,2/1/2012,,11,29497
神经信息处理LNCS-4232: ,946.3,Irwin,12/1/2006,湖南文艺出版社,0,13214
GE智能平台自动化系统实训教程－iFIX篇,20.7,刘艺柱,2/1/2015,天津大学出版社,164,25756
仿真技术,39.5,吴重光,,化学工业出版社,0,21257
多模态生物特征识别——基于人脸与人耳信息,43.5,王瑜,12/11/2013,科学出版社,33,29243
基于包含度的粒计算方法与应用,58.6,徐伟华,4/1/2016,科学出版社有限责任公司,15,16204
人工免疫算法理论及应用,17.2,马佳,3/1/2014,,7,22939
多模态生物特征识别——基于人脸与人耳信息,53.8,王瑜,1/1/2019,科学出版社,0,17544
传感器与自动检测技术 ,26.1,张玉莲,7/1/2012,机械工业出版社,24,25157
人工智能,35.6,琼斯,7/1/2010,电子工业出版社,121,26533
无线传感器网络理论、技术与实现,28.9,于宏毅,9/1/2008,国防工业出版社,33,16431
多次压电效应探析及在传感执行器上的应用基础研究,18.2,史丽萍,3/1/2014,黑龙江大学出版社有限责任公司,13,16859
VIP-Fluent ,33.1,,,清华大学出版社,0,14073
数据驱动运动控制系统设计与实现,20.7,曹荣敏,6/1/2012,国防工业出版社,33,27507
数控原理与系统,13.1,陈富安,1/1/2006,人民邮电出版社,3,20249
置信规则库专家系统与复杂系统建模,27.6,周志杰,3/1/2011,科学出版社,80,29955
电脑性能优化设置,19.7,徐津,4/1/2005,电子工业出版社,0,18706
智能控制理论与技术,25.3,孙增圻,4/1/1997,清华大学出版社,14,15247
智能信息处理技术基础,11.7,张炳达,10/1/2008,天津大学出版社,30,20165
模型预测控制,74.5,陈虹,7/1/2013,科学出版社,56,29811
控制工程基础,31.6,许贤良,2/1/2008,国防工业出版社,1,20964
智能系统的基础： ,749.9,Floriana,12/1/2006,湖南文艺出版社,0,24472
多智能体网络一致性协同控制理论及应用,35.6,吴永红,3/1/2013,科学出版社,8,29694
智能科学技术导论,19.3,钟义信,12/1/2006,北京邮电大学出版社有限公司,43,25293
20072008传感器与执行器大全（年卷）——传感器·变送器·执行器,124.8,中国电子学会敏感技术分,4/1/2009,机械工业出版社,1,26015
自动机、语言及编程LNCS-4052: ,624.9,Michele,12/1/2006,崇文书局（原湖北辞书出版社）,0,27604
无线传感器网络技术与应用,47.6,陈林星,3/1/2009,电子工业出版社,32,12305
数据资源的聚类预处理,17.2,夏骄雄,11/1/2011,上海科学普及出版社,25,24860
智能传感器原理、设计与应用,30.8,何金田,1/1/2012,电子工业出版社,71,28704
智能教学系统会议录 ,839.1,Stefano,12/1/2002,湖南文艺出版社,0,21674
网络化控制系统故障诊断与容错控制,18.6,霍志红,12/1/2009,水利水电出版社,48,27323
应用人工智能发展 ,723.1,Hendtlass,12/1/2002,湖南文艺出版社,0,20665
R语言预测实战,54.5,游皓麟,10/1/2016,电子工业出版社,282,16825
自动化工程师职业培训丛书 ,19,顾波,1/1/2011,中国电力出版社,10,16603
计算机控制技术,20.3,刘军,8/1/2011,中国电力出版社,4,19150
人工智能进展会议录Andvaces ,321.4,Robin,12/1/2001,湖南文艺出版社,0,16496
人机交互中的形体与手势语言会议录nd ,392.8,Ipke,12/1/2002,湖南文艺出版社,0,10815
传感器与测试技术,15.1,李娟,8/1/2007,,5,23421
虚拟人技术及应用,38.7,孙守迁,7/1/2010,高等教育出版社,28,15792
计算机控制技术,20,何小阳,3/1/2011,重庆大学出版社,27,12153
传感器实用装置制作集锦,19.5,陈尔绍,10/1/1999,人民邮电出版社,0,26711
遥感实习教程（附盘）,15.2,刘慧平,7/1/2001,高等教育出版社,4,18355
计算机模糊信息处理技术,13.2,姚敏,4/1/1999,上海科学技术文献出版社,0,23681
自动控制的实施与应用会议会议录 ,428.5,Oscar,12/1/2006,崇文书局（原湖北辞书出版社）,0,26656
过程控制技术,17.2,胡邦南,4/1/2009,科学出版社,7,13731
知识系统论,38.7,李伯聪,6/1/2011,科学出版社,61,27878
传感器与自动检测技术,17.4,张玉莲,9/1/2007,机械工业出版社,0,11211
随机系统概论——分析、估计与控制(上册),54.5,韩崇昭,3/1/2014,清华大学出版社,94,11308
Storm源码分析,54.5,李明,11/1/2014,人民邮电出版社,100,26513
多智能体系统的协同群集运动控制,65.6,陈杰,3/1/2017,科学出版社,53,29578
高分辨率遥感影像中道路提取方法的研究,34.5,周绍光,8/1/2012,科学出版社,21,13570
先进制造环境下的控制图技术,20.5,崔敬巍,12/1/2007,东北大学出版社有限公司,1,10496
视觉语音情感识别,51.4,詹永照,4/1/2013,科学出版社,79,19250
机电工程测试技术,10.3,王建民,10/1/1995,中国质检出版社(原中国计量出版社),0,24426
FLUENT ,47.6,,2/1/2014,清华大学出版社,325,11647
智能控制,16.6,刘金琨,5/1/2005,电子工业出版社,9,18867
人工智能,15.1,尚福华,9/1/2008,哈尔滨工业大学出版社,14,14140
集群智能：原理、发展和应用（精装版） ,88.3,Aboul,3/1/2017,电子工业出版社,97,20664
鲁棒控制理论及应用,30,王娟,8/1/2011,电子工业出版社,12,25849
脉冲切换系统最优控制理论及应用,28.4,李瑞,5/1/2010,电子科技大学出版社,0,13660
非参数模型及其自适应控制理论,15,侯忠生,1/1/1999,科学出版社,0,16066
鲁棒控制理论及应用,30,王娟,8/1/2011,电子工业出版社,11,12317
贝叶斯网络在智能信息处理中的应用,26.2,肖秦琨,1/1/2012,国防工业出版社,169,14223
文本挖掘原理,55.3,程显毅,11/1/2010,科学出版社,0,18034
基于不确定性的决策树归纳,47.4,王熙照,6/1/2012,科学出版社,55,13700
人工智能原理与应用,30.8,王文杰,3/1/2004,人民邮电出版社,0,27484
智能控制理论和方法,17.4,李人厚,7/1/2007,西安电子科技大学出版社,7,17790
复杂网络控制系统动力学及其应用,51.4,方建安,10/1/2011,科学出版社,49,21022
遥感图像智能处理,19.3,李朝锋,9/1/2007,电子工业出版社,36,13230
自动控制系统——工业生产过程自动控制系统（修订版）,8.5,邵裕森,7/1/1998,国家开放大学出版社,4,21198
基于自适应动态规划的智能优化控制,44.2,林小峰,3/1/2017,科学出版社有限责任公司,25,20940
西门子人机界面（触摸屏）组态与应用技术 ,27.6,廖常初,7/1/2008,机械工业出版社,1376,11490
人机工程学（附光盘）,32.3,赵江洪,5/1/2006,高等教育出版社,15,22717
控制工程基础,20.6,席剑辉,5/1/2012,国防工业出版社,50,26284
最有人性的“人”——人工智能带给我们的启示（人工智能洛伯纳大奖得主著作，谨以此书纪念不朽的阿兰·图灵诞生100周年）,31,布莱恩.克里斯汀,10/1/2012,人民邮电出版社,110,24556
西门子人机界面（触摸屏）组态与应用技术（附光盘）,27.6,廖常初,6/1/2008,机械工业出版社,573,10886
虚拟仪器设计实训入门,18.2,赵国忠,8/1/2008,国防工业出版社,8,12444
人工智能原理与应用,23.3,张仰森,2/1/2004,高等教育出版社,3,11015
智能系统基础会议录 ,607,Mohand,12/1/2001,湖南文艺出版社,0,25159
人机共创的智慧--著名科学家谈人工智能,4,戴汝为,4/1/1999,广西师范大学出版社,0,23294
动态信任多Agent量化建模与方法研究,61.6,蒋伟进,6/25/2014,科学出版社,10,26926
模糊测度和模糊积分及在分类技术中的应用,37.9,王熙照,3/1/2008,科学出版社,32,18300
非线性系统建模与故障诊断应用,39.5,孔祥玉,1/1/2014,科学出版社,20,12410
第十三届全国敏感元件与传感器学术会议论文集,220.8,,,国防工业出版社,0,24096
人机界面与网络应用技术,40,徐新,6/1/2012,机械工业出版社,34,23496
生物特征识别技术,53.7,苑玮琦,3/1/2009,科学出版社,6,24978
智能报警与控制经典实用电路,14.2,张庆双,6/1/2007,机械工业出版社,9,27317
控制系统课程设计,17.2,张丹,6/1/2012,中南大学出版社有限责任公司,16,28592
现代系统建模与仿真技术(修订版),51.7,刘兴堂,8/1/2011,西北工业大学出版社,84,21012
传感器技术大全（上册）,53.8,张洪润,10/1/2007,北京航空航天大学出版社,440,27438
虚拟智能体理论与技术,38.7,刘箴,2/1/2018,电子工业出版社,17,29835
非线性控制系统,45.8,项国波,12/1/2013,中国电力出版社,13,28231
工业控制计算机系统 ,11,,12/1/2011,中国标准出版社,1,14847
基于子空间理论的人脸识别,19.3,白晓明,12/1/2014,经济科学出版社,5,28407
液压系统动态特性建模仿真技术及应用,33.1,高钦和,9/1/2013,电子工业出版社,122,13961
现代智能算法理论及应用,46.9,黄席樾,3/1/2009,科学出版社,70,18910
光电检测技术与系统（第2版）,22,高岳,6/1/2009,电子工业出版社,60,28466
智能卡安全与应用（第二版）,19.8,英.亨德利,2/1/2002,人民邮电出版社,0,14817
自动演绎－CADE-18会议录 ,535.6,Andrei,12/1/2002,湖南文艺出版社,0,18062
仿真科学与技术：学科发展报告（2009-2010）,30.8,中国科学技术协会,4/1/2010,中国科学技术出版社,23,15816
现代运动控制技术及其应用,24.1,孙培德,6/1/2012,电子工业出版社,18,20514
广义专家系统,17.2,程伟良,2/1/2005,北京理工大学出版社,6,25810
智能控制系统工程的实践与创新（专著）,60,赵宝明,11/1/2014,科技文献出版社,2,20900
人体工程学,24,田树涛,10/1/2012,北京大学出版社,143,23346
设备控制基础,27,朱成华,3/1/2013,电子科技大学出版社,3,18895
智能控制系统工程的实践与创新,40,,,科技文献出版社,0,23638
应用人工智能进展：第19届国际应用智能系统的工业、工程及其它应用会议会议录 ,1035.5,Moonis,12/1/2006,崇文书局（原湖北辞书出版社）,0,20650
IEC算法及其在多目标优化中的应用,12.4,,,暨南大学出版社,3,26171
游戏开发中的人工智能,37.9,布金,9/1/2006,,31,10714
第四范式：数据密集型科学发现,71.1,Tony,6/1/2012,科学出版社,102,17759
智能传感器系统,27.7,刘君华,9/1/1999,西安电子科技大学出版社,1,27757
分散控制系统的人机交互技术,22.1,韩璞,9/1/2007,电子工业出版社,0,16407
智能控制系统及其应用（第2版）,23.7,王顺晃,8/1/2005,机械工业出版社,0,23802
语音与语言处理：自然语言处理、计算语言学和语音识别导论(英文版·第2版),109,朱拉斯凯,12/1/2010,人民邮电出版社,100,11711
反演控制方法与实现,26.2,乔继红,1/1/2012,机械工业出版社,54,20458
虚拟现实技术及其应用,22.1,庄春华,6/1/2010,电子工业出版社,18,23197
智能学简史,24.1,冯天瑾,1/1/2007,科学出版社,103,11896
虚拟实验室技术,34.5,蒋耘晨,3/1/2011,北京理工大学出版社,21,13725
计算机仿真技术平话,7.9,何江华,1/1/2005,国防工业出版社,0,12626
工业和信息产业职业教育教学指导委员会“十二五”规划教材 ,28.4,,3/1/2011,电子工业出版社,0,21848
无模型自适应控制——理论与应用,55.3,侯忠生,6/1/2013,科学出版社,32,18067
游戏开发中的人工智能（影印版）,61.6,布尔格,6/1/2005,东南大学出版社,7,14355
现代测控系统典型应用实例(含CD光盘1张),35.6,李江全,8/1/2010,电子工业出版社,32,28887
自动化学科专业发展战略研究报告,11.1,教育部高等学校自动化专业教学指导分委员会,3/1/2007,高等教育出版社,3,22349
游戏开发中的人工智能[影印版],61.6,布尔格,6/1/2005,东南大学出版社,6,16359
互感器技术实用手册,13.5,吴湛郁,1/1/2011,中国电力出版社,26,28671
非线性协调控制理论研究及应用,37.9,曹少中,8/1/2009,科学出版社,35,11199
自动控制元件,27.7,,,哈尔滨工程大学出版社,15,25379
传感技术与应用教程（第2版）,27.7,张洪润,2/1/2009,清华大学出版社,5,10021
MICAI ,999.8,Alexander,1/1/2006,湖南文艺出版社,0,23975
模糊控制系统及应用,31.4,黄卫华,11/1/2012,电子工业出版社,32,11336
传感器及其应用(电子技术应用专业),9.1,谢文和,7/1/2003,高等教育出版社,0,11638
新兴元启发式优化方法,93.2,赵玉新,8/1/2013,科学出版社,25,17665
新型仿生群智能算法及其生产调度应用,45.8,叶春明,3/1/2016,科学出版社,38,15309
现代控制系统设计理论的新发展(第二版),30,崔家骥,7/1/2007,科学出版社,0,17302
TMETM ,27.7,李素,8/1/2009,中国农业大学出版社,0,14134
智能密码钥匙：原理、技术及应用,47.6,飞天诚信科技股份有限公司,7/1/2015,电子工业出版社,22,10296
智能设计与不确定信息处理,30.8,李玲玲,5/1/2011,机械工业出版社,14,21837
高分辨率卫星遥感影像地学计算,70.3,周成虎,1/1/2009,科学出版社,87,17552
系统仿真技术及其应用（第10卷）,284.4,陈宗海,7/1/2008,中国科学技术大学出版社,0,17296
计算智能——理论技术与应用,45.8,丁永生,12/11/2004,科学出版社,12,23124
现代传感技术及应用(王化祥),20.5,王化祥,9/1/2008,化学工业出版社,12,20442
超弹性体非线性本构理论,33.1,李忱,9/1/2012,国防工业出版社,26,28856
2006,696.3,Maarten,12/1/2006,湖南文艺出版社,0,14589
金属轧制过程人工智能优化,27,,,冶金工业出版社,0,19804
仿真科学与技术原理,44.2,王精业,11/1/2012,电子工业出版社,34,21953
基于知识的智能信息与工程系统： ,1035.5,Bogdan,12/1/2006,湖南文艺出版社,0,13374
FEKO5.4实例教程,17.9,范丽思,1/1/2012,国防工业出版社,115,22653
易输入法,19.3,李晓明,1/1/2002,中国国际广播出版社,0,22138
非线性系统（第三版）（英文版）,75.1,哈里尔,5/1/2012,电子工业出版社,269,14304
复杂非线性系统的自适应优化控制,37.9,罗艳红,6/1/2013,科学出版社,14,10324
自动控制系统（第2版）,26.2,廖晓钟,4/1/2011,北京理工大学出版社,54,21953
电气自动化通用设备应用系列 ,27,王建,2/1/2013,中国电力出版社,12,24350
生物多智能体自主服务计算及其应用,33.1,孙宏彬,7/1/2013,人民邮电出版社,12,26004
过程控制系统及工程,21.3,杨为民,4/1/2008,西安电子科技大学出版社,53,20382
区域稳定性约束鲁棒控制理论及应用,27.7,周武能,2/1/2009,科学出版社,34,10012
模糊专家系统——研究生用书,4.3,李凡,6/1/1995,华中科技大学出版社,1,18698
智能检测控制技术及应用,27.7,曾孟雄,6/1/2008,电子工业出版社,4,21481
模糊分类模型及其集成方法,23.5,阳爱民,8/1/2008,科学出版社,13,25893
人类工效学 ,14.4,,7/1/2011,凤凰出版社,2,23304
第四届国际计算智能和工业应用研讨会论文集（英文）,77.4,于晓萍,7/1/2010,电子工业出版社,0,18529
TPM全面生产维护推进实务,19.3,高福成,4/1/2009,机械工业出版社,475,12347
SCADA监控与数据采集软件系统的设计与开发,37.9,王振明,1/1/2009,机械工业出版社,48,11895
智能优化算法及其在机械工程中的应用,40.7,张学良,9/1/2012,国防工业出版社,26,21409
运动控制技术与应用,40.7,MENG,1/1/2012,机械工业出版社,175,20644
控制系统导论(第3版)(英文版),94.8,D.K.Anand,6/1/2000,世界图书出版公司,0,16180
控制系统设计（附光盘）,54.4,Graham,1/1/2002,,0,21243
传感器应用设计300例(上册),37.9,张洪润,9/1/2010,北京航空航天大学出版社,187,29826
智能优化方法的研究及应用,28.9,吕聪颖,7/1/2014,水利水电出版社,5,17244
人机自然交互(精),45.8,张有为,9/1/2004,国防工业出版社,1,22099
ANSYS ,31,李范春,8/1/2011,电子工业出版社,117,15903
MEL脚本语言——鱿鱼游动的人工模拟教程,53.7,钱卫国,7/1/2014,科学出版社,6,22326
智能代理与多代理系统 ,321.4,Kazuhiro,12/1/2002,湖南文艺出版社,0,19134
复杂自适应系统联合仿真建模理论及应用,15.8,曹琦,12/1/2012,重庆大学出版社,24,11143
协作信息主体 ,535.6,Matthias,12/1/2006,崇文书局（原湖北辞书出版社）,0,25170
CAN现场总线系统的设计与应用,40,王黎明,3/1/2008,电子工业出版社,38,24671
语义网－ISWC2002会议录 ,499.9,Horrocks,12/1/2002,湖南文艺出版社,0,15682
智能辅导系统LNCS-4053: ,767.7,Mitsuru,12/1/2006,崇文书局（原湖北辞书出版社）,0,28788
自动控制中的线性代数,31.7,伍清河,12/1/2011,国防工业出版社,24,28156
最优化与最优控制,16.5,赫孝良,2/1/2009,西安交通大学出版社,66,12357
智能预测控制及其应用,27.7,诸静,4/1/2002,浙江大学出版社,11,12592
基于网络QoS的控制系统分析与综合,39.5,李金娜,4/1/2012,科学出版社,17,26804
游戏编程中的人工智能技术（附光盘）,30.8,布克兰德,5/1/2006,清华大学出版社,28,11466
自动识别技术应用案例分析,20.7,张铎,4/1/2010,武汉大学出版社,19,20223
智能目标识别与分类,69.5,焦李成,1/1/2010,科学出版社,62,15528
模糊双曲正切模型——建模·控制·应用,69.5,张化光,4/1/2009,科学出版社,11,22252
虚拟现实视景仿真技术,33.8,高颖,3/1/2014,西北工业大学出版社,105,23796
人工智能,6.2,查洛纳,1/1/2004,中国宇航出版社,0,11344
鲁棒最优控制理论与应用,31.6,薛安克,3/1/2008,科学出版社,105,12493
现代控制理论基础,18.8,,,哈尔滨工业大学出版社,16,29499
蚁群算法及其应用,19.8,,,哈尔滨工业大学出版社,0,22736
过程控制系统（第2版）,27.5,李国勇,1/1/2013,电子工业出版社,10,21279
人工智能2006：人工智能进展AI ,1035.5,Abdul,12/1/2006,湖南文艺出版社,0,17661
开放复杂智能系统,66.7,操龙兵,3/1/2008,人民邮电出版社,6,13876
自动控制原理及其应用(第3版),18.1,黄坚,4/1/2011,高等教育出版社,3,21246
人工战争：基于多Agent的作战仿真,63.2,安德鲁,8/1/2010,电子工业出版社,146,16837
信息时代的指挥与控制,178,中国指挥与控制学会,10/1/2014,国防工业出版社,6,23714
Jack人因工程基础及应用实例(含DVD光盘1张),36.3,钮建伟,6/1/2012,电子工业出版社,87,12800
自动控制原理,15.8,,,水利水电出版社,0,21703
视线追踪,34.3,迟健男,6/1/2011,机械工业出版社,18,19806
基于IEEE1451的智能传感器技术与应用,22.9,刘桂雄,11/1/2012,清华大学出版社,20,24571
面向复杂系统的群集智能,78.2,肖人彬,6/1/2013,科学出版社,36,19886
中国人工智能进展（2003）（上下册）（附CD-ROM光盘一张）,379.2,中国人工智能学会,11/1/2003,北京邮电大学出版社有限公司,0,25793
信息分析方法,33.2,李莉,12/1/2016,科学出版社,4,15597
计算智能中的仿生学理论与算法（西安交通大学数学研究生教学丛书）,23.7,徐宗本,7/1/2007,科学出版社,16,28364
多主体系统——理论、方法与探索,19.8,张军,5/1/2013,首都经济贸易大学出版社,19,13134
人工神经元网络原理与应用（第二版）,15.8,王旭,8/1/2007,北京科文图书业信息技术有限公司,0,18498
生物特征识别理论与应用,38.7,田捷,3/1/2009,清华大学出版社,31,20741
最优控制,49,李传江,3/1/2011,科学出版社,87,19381
传感器原理及应用,19,郭爱芳,5/1/2007,,0,10832
检测与转换技术,21,董爱华,12/1/2007,中国电力出版社,7,23748
智能信息技术(修订版),14.1,郭军,11/1/2001,北京邮电大学出版社有限公司,1,24797
自动控制专业英语（修订版）,12.6,李东林,6/1/2003,哈尔滨工业大学出版社,1,17738
认知相关性与智能模型构造的系统观点,35.6,危辉,6/1/2012,科学出版社,7,26283
显式模型预测控制理论与应用,46.6,张聚,7/1/2015,电子工业出版社,15,10884
控制理论基础,27.3,张庆灵,1/1/2008,高等教育出版社,1,28095
传感器原理及应用（郭爱芳）,19,郭爱芳,5/1/2007,西安电子科技大学出版社,3,23709
人工实际和TELE-存在Advances ,1053.4,Ronghua,12/1/2006,湖南文艺出版社,0,24162
多中枢自协调拟人脑研究及应用,24.1,韩力群,5/1/2009,科学出版社,7,14775
人机智能系统理论与方法,22.1,陈鹰,1/1/2006,浙江大学出版社,3,14535
感知控制论系统科学与系统管理文库,25.2,,7/1/2004,广东高等教育出版社,0,22844
虚拟现实案例教程——基于UEST3DVR-PLATFORMVIRTOOLS项目（附光盘）,46.6,刘向群,10/1/2010,中国铁道出版社,55,20059
非线性控制系统（第三版）（卷I）,51.7,伊西多,6/1/2012,电子工业出版社,187,28073
集散控制系统原理及应用,22.1,,,化学工业出版社,0,18171
岩石上的梦想,33.8,玫琅,10/1/2011,中国社会出版社,10,16726
遥感数字图像处理与分析——ENVI ,31,杨树文,6/1/2015,电子工业出版社,357,12554
标签技术（2010第六卷）,15.8,印刷技术,12/1/2010,文化发展出版社,5,23502
电动机的DSP控制——TI公司 ,33.8,王晓明,9/1/2009,北京航空航天大学出版社,354,29480
中国人工智能进展.2009,129,,,北京邮电大学出版社有限公司,0,10053
传感器原理及检测技术,28.4,凌振宝,9/1/2003,吉林大学出版社,1,12155
计算机网络与建筑智能化系统集成——智能建筑弱电技术丛书,18.2,陈良宽,8/1/2002,中国建筑工业出版社,0,23222
复杂系统广义智能评价方法与应用,35.6,金菊良,1/1/2008,科学出版社,3,23052
控制工程项目指南——过程自动化工程,19.5,孙洪程,12/1/2011,高等教育出版社,40,20257
模糊控制技术,10.3,韩峻峰,,重庆大学出版社,8,19393
Learning ,44.8,Ristic,6/1/2016,电子工业出版社,116,12513
智能建筑系统集成 ,16,李玉英,9/1/2001,上海财经大学出版社,0,23379
人工智能哲学,18.6,玛格丽特·博登,11/1/2001,上海译文出版社,0,24643
语义网 ,874.8,Isabel,12/1/2006,湖南文艺出版社,0,13930
人脸识别与人体动作识别技术及应用,37.9,曹林,8/1/2015,电子工业出版社,78,15782
知识工程与创新,52.6,施荣明,6/1/2009,中航书苑文化传媒（北京）有限公司,133,19374
贝叶斯网络在影像解译中的应用,22,虞欣,6/1/2011,测绘出版社,51,18363
装备智能故障诊断与预测,46.9,张金玉,4/1/2013,国防工业出版社,232,22412
计算机智能监测控制系统的设计及应用,19.1,周德泽,1/1/2002,清华大学出版社,0,14475
认知神经语言学视野下的句子理解,23.5,常欣,3/1/2009,科学出版社,117,18184
虚拟仪器的设计与实现,13.5,,,西安电子科技大学出版社,0,13459
图像目标的表示与识别,29.9,曹健,6/1/2012,机械工业出版社,107,13731
计算机智能（第二册）——词语计算与Fuzzy集,7.7,王国俊,2/1/2005,高等教育出版社,18,21414
中国科学技术协会 ,22,中国科学技术协会,2/1/2008,中国科学技术出版社,15,29930
网络控制技术及应用,14.7,周洪,8/1/2007,中国电力出版社,20,18104
自动控制原理与系统(第3版)(1CD)孔凡才普通高等教育十一五国家级规划教材(附光盘1张),32.2,,,机械工业出版社,0,29240
计算智能(第一册)模拟进化计算,10.1,,,高等教育出版社,0,24871
Collective ,40,阿拉克,9/1/2010,清华大学出版社,53,15944
网络化控制系统分析与设计——切换系统处理方法,43.5,俞立,3/1/2012,科学出版社,48,21809
VIP-Collective ,29,阿拉克,9/1/2010,清华大学出版社,20,24861
基于IEC61131-3标准的控制系统及应用,25.3,林小峰,8/1/2007,电子工业出版社,9,10082
运动控制系统原理与应用(自动化设备制造业一线经验总结，中国科学院院士杨叔子推荐图书),34.3,李卫平,6/1/2013,华中科技大学出版社,30,11728
元胞自动机理论研究及其仿真应用,34.5,段晓东,5/1/2012,科学出版社,104,21295
数据压缩导论（第4版）【数据压缩领域的经典著作】,89,Sayood,1/1/2014,人民邮电出版社,122,18636
智能视觉监控研究进展——第二届全国智能视觉监控学术会议论文集,39.5,谭铁牛,12/1/2003,科学出版社,2,22816
信号与系统实验CAI教程,3.8,张宝俊,8/1/2000,北京理工大学出版社,0,23536
现场总线及工业控制网络技术,39.3,陈在平,5/1/2008,电子工业出版社,16,10511
群智能优化算法理论与应用,45.8,梁艳春,9/1/2009,科学出版社,48,20206
数据采集与处理技术,18.6,祝常红,3/1/2008,电子工业出版社,101,16619
自动控制原理与系统（第3版）附光盘,30,孔凡才,1/1/2012,机械工业出版社,34,28267
鲁棒控制:线性矩阵不等式处理方法,20.5,俞立,12/1/2002,清华大学出版社,0,23032
智能视觉系统用先进概念Advanced ,999.8,Jacques,12/1/2006,湖南文艺出版社,0,11385
神经信息处理 ,982,Irwin,12/1/2006,湖南文艺出版社,0,29178
信息技术 ,14.4,,5/1/2011,凤凰出版社,4,12698
普适智能与计算Ubiquitous ,990.9,Jianhua,12/1/2006,崇文书局（原湖北辞书出版社）,0,24930
现代检测技术,23.5,周可鹏,8/1/2009,高等教育出版社,4,16106
设备控制技术,14.2,刘松林,6/1/2007,北京邮电大学出版社有限公司,0,18083
人工智能基础,20.2,蔡自兴,7/1/2006,高等教育出版社,19,19308
计算机与人脑,23.4,冯·诺伊曼,5/1/2010,北京大学出版社,815,26684
协同仿真与虚拟样机技术,20.5,熊光楞,8/1/2004,清华大学出版社,0,27318
协调智能调度,26.9,王洪泊,4/1/2011,国防工业出版社,14,22353
RFID与传感器网络：架构、协议、安全与集成,95.2,陈积明,7/1/2012,机械工业出版社,101,16729
人工智能进展会议录 ,607,Lamontagn,12/1/2006,崇文书局（原湖北辞书出版社）,0,24302
感测技术,23.7,李科杰,9/1/2007,机械工业出版社,11,11056
传感器及其应用技术,20,黄鸿,7/1/2008,北京理工大学出版社,1,23110
智能决策支持系统实现技术计算机应用技术前沿丛书,29.9,,9/1/2001,浙江大学出版社,0,29673
人工智能原理及其应用（第3版）,24.1,王万森,9/1/2012,电子工业出版社,392,29013
多源多时相卫星遥感图像数据融合与应用研究,23.7,胡召玲,12/1/2006,,0,13311
CATIA ,45.8,詹熙达,4/1/2008,机械工业出版社,15,28336
时滞系统低阶控制器设计：参数空间法,40,王德进,10/1/2013,科学出版社,13,12609
人工智能与软计算-ICAISC ,999.8,Leszek,12/1/2006,崇文书局（原湖北辞书出版社）,0,26768
控制系统的安全评估与可靠性,68.7,戈布尔,9/1/2010,中国电力出版社,144,27714
传感及其遥控测技术应用,25.5,丁镇生,1/1/2003,电子工业出版社,0,11020
复杂系统仿真及应用,27.7,宣慧玉,4/1/2008,清华大学出版社,46,12197
视频安防监控系统工程设计规范,9.5,,7/1/2007,,16,16775
传感器应用电路集萃,17.9,卿太全,5/1/2008,中国电力出版社,38,17076
现代测控技术及应用——现代测试与控制丛书,26.1,吴国庆,4/1/2007,电子工业出版社,4,15980
高分辨率遥感图像理解,47.6,孙显,11/1/2011,科学出版社,196,20478
工业过程测量和控制系统用智能电动执行机构 ,11,,6/1/2011,中国标准出版社,2,20661
人工智能在计算机游戏和动画中的应用,22.1,方约翰,6/1/2004,清华大学出版社,0,25193
电气自动化专业英语（修订版）,11,李久胜,1/1/2005,哈尔滨工业大学出版社,14,18381
人工智能实用教程,19.8,罗忠文,11/1/2015,科学出版社,13,15422
传感器与测试技术,22.4,李晓莹,12/1/2006,高等教育出版社,6,17158
传感器原理（第二版）,14.6,余瑞芬,8/1/1995,航空工业出版社,0,29141
从神经元芯片到控制网络,16.5,,,北京航天航空大学出版社,0,28400
智能优化算法及其应用,17.4,王凌,10/1/2001,清华大学出版社,5,29831
计算机典型测控与串口通信开发软件应用软件(1CD),38.7,李江全,7/1/2008,人民邮电出版社,4,10712
工业生产过程控制(何衍庆)(附光盘),31.6,何衍庆,4/1/2008,化学工业出版社,6,29358
信息生命周期管理,53.7,,,黑龙江科学技术出版社,0,13128
2005IEEE国际自然语言处理与知识工程会议论文集（含CD—ROM光盘一张）,158,宗成庆,10/1/2005,北京邮电大学出版社有限公司,0,14792
自动检测与转换技术（第3版）,28.4,梁森,1/1/2013,机械工业出版社,25,11933
Mathcad ,18,黄亮,8/1/2000,中国电力出版社,0,13783
人工智能及其应用,15.8,孔月萍,1/1/2008,机械工业出版社,10,20682
内模控制及其应用,27.5,赵志诚,9/1/2012,电子工业出版社,75,28328
现代传感技术——原理、方法与接口电路,35.6,苏震,2/1/2011,电子工业出版社,10,17650
先进非线性控制理论及其应用,27.7,王久和,2/1/2012,科学出版社,93,22803
图灵的大教堂：数字宇宙开启智能时代 ,62,乔治·戴森,5/1/2015,浙江人民出版社,780,26194
仿真工程（含光盘）,22.9,莱丁,9/1/2003,机械工业出版社,0,19768
传感器原理与检测技术,66.2,永远,8/1/2013,科学出版社,37,17862
智能传感器数据采集与信号处理,27.7,,,化学工业出版社,7,13691
自动化控制系统电磁兼容设计与应用,24,周志敏,6/1/2013,中国电力出版社,47,15536
工业生产自动化,33,王威,9/1/2003,科学出版社,0,23694
传感器与检测技术（第2版）,26.8,宋文绪,11/1/2010,高等教育出版社,3,25793
控制工程基础——基础部分习题解（CD-ROM）,12,董景新,10/1/2003,,0,28294
人—技术交互的自适应性观点:认知工程和人机交互的方法及模型,61.4,亚历克斯,7/1/2016,国防工业出版社,39,19344
面部识别框架下的注意瞬脱效应,47.6,段海军,3/1/2017,科学出版社,2,16145
自抗扰控制技术-估计补偿不确定因素的控制技术,33.2,韩京清,9/1/2008,国防工业出版社,151,18107
MSC ,35.8,陈志伟,6/1/2012,水利水电出版社,743,25480
安全人机工程,15.4,廖可兵,8/1/2009,中国矿业大学出版社,1,10355
天基多源遥感信息融合--理论算法与应用系统(精),36.3,张永生,7/1/2005,科学出版社,6,13754
AR：场景互动神器,40.7,李苗,6/1/2016,社会科学文献出版社,75,27326
模糊逻辑与计算智能研究进展：2005年中国模糊逻辑与计算智能联合学术会议论文集（上、下）,316,2005年中国模糊逻辑与计算智能联合学术会议程序委员会,4/1/2005,中国科学技术大学出版社,0,13135
无线自适应接入机制及OPNET仿真,33.8,石春,6/1/2013,国防工业出版社,29,18976
传感器与检测技术应用,31,单振清,2/1/2013,北京理工大学出版社,5,24579
控制系统仿真,11.9,姜玉宪,8/1/1998,北京航空航天大学出版社,0,22976
VIP——COMSOL ,33.8,王刚,7/1/2013,电子工业出版社,213,13262
现代鲁棒控制理论与应用（第2版）（精装）（现代电力系统丛书）,51.4,梅生伟,8/1/2008,清华大学出版社,4,29008
视觉测量技术,33.1,迟健男,7/1/2011,机械工业出版社,126,26881
COMSOL ,33.8,王刚,10/1/2012,电子工业出版社,375,20554
传感与检测技术(第二版),25.5,唐露新,7/1/2011,科学出版社,17,15921
基于支持向量机的图像检索若干问题,20.7,解洪胜,10/1/2013,山东人民出版社,33,24714
人工智能的基础哲学问题探秘,26.9,,,世界图书出版公司,13,15422
人工智能新前沿：JSAI ,535.6,Takashi,12/1/2006,崇文书局（原湖北辞书出版社）,0,18010
分布式虚拟现实技术及其应用,43.5,杨宝民,6/1/2000,科学出版社,0,29937
自动控制原理(非自动化类),21.3,孟庆明,9/1/2003,高等教育出版社,2,29709
人-系统交互人类工效学 ,18.6,,8/1/2009,中国标准出版社,3,14537
RBF神经网络自适应控制MATLAB仿真（电子信息与电气工程技术丛书） ,54.5,刘金锟,1/1/2014,清华大学出版社,214,28852
Deterministic ,477.3,Joab,11/1/2005,北京燕山出版社,0,27522
Machine ,517.1,Samy,3/1/2005,北京燕山出版社,0,23858
Learning-Based ,274.1,Josef,6/1/2001,湖南文艺出版社,0,29649
Machine ,676.2,Jean,9/1/2004,北京燕山出版社,0,17171
Advanced ,377.9,Olivier,10/1/2004,北京燕山出版社,0,29943
